<?xml version="1.0" encoding="UTF-8"?>
<!DOCTYPE html PUBLIC "-//W3C//DTD XHTML 1.0 Transitional//EN"
    "http://www.w3.org/TR/xhtml1/DTD/xhtml1-transitional.dtd">
<html xmlns="http://www.w3.org/1999/xhtml" xml:lang="en" lang="en">
 <head>
  <title>
</title>
<meta http-equiv="Content-Type" content="text/html;charset=utf-8" />
  <meta name='ocr-system' content='tesseract 3.04.00' />
  <meta name='ocr-capabilities' content='ocr_page ocr_carea ocr_par ocr_line ocrx_word'/>
</head>
<body>
  <div class='ocr_page' id='page_1' title='image "./deetruscorumcul00jowegoog_0028.png"; bbox 0 0 2656 3992; ppageno 0'>
   <div class='ocr_carea' id='block_1_1' title="bbox 166 495 1018 2894">
    <p class='ocr_par' dir='ltr' id='par_1_1' title="bbox 166 495 1018 2204">
     <span class='ocr_line' id='line_1_1' title="bbox 202 495 1018 570; baseline -0.005 -16"><span class='ocrx_word' id='word_1_1' title='bbox 202 500 270 554; x_wconf 84' lang='lat' dir='ltr'><strong>Jam</strong></span> <span class='ocrx_word' id='word_1_2' title='bbox 278 499 352 570; x_wconf 85' lang='lat' dir='ltr'><strong>leges</strong></span> <span class='ocrx_word' id='word_1_3' title='bbox 361 495 827 569; x_wconf 84' lang='lat' dir='ltr'><strong>relligionisradicibusqnibusdam</strong></span> <span class='ocrx_word' id='word_1_4' title='bbox 835 496 1018 563; x_wconf 88' lang='lat' dir='ltr'><strong>inniti‚etiam</strong></span> 
     </span>
     <span class='ocr_line' id='line_1_2' title="bbox 166 582 1017 654; baseline -0.004 -15"><span class='ocrx_word' id='word_1_5' title='bbox 166 585 191 640; x_wconf 91' lang='lat' dir='ltr'><strong>si</strong></span> <span class='ocrx_word' id='word_1_6' title='bbox 201 585 279 639; x_wconf 84' lang='lat' dir='ltr'><strong>nulle</strong></span> <span class='ocrx_word' id='word_1_7' title='bbox 290 584 393 638; x_wconf 83' lang='lat' dir='ltr'><strong>indicia</strong></span> <span class='ocrx_word' id='word_1_8' title='bbox 404 583 549 654; x_wconf 82' lang='lat' dir='ltr'>supersint,</span> <span class='ocrx_word' id='word_1_9' title='bbox 563 582 681 636; x_wconf 85' lang='lat' dir='ltr'><strong>civitatis</strong></span> <span class='ocrx_word' id='word_1_10' title='bbox 693 589 786 636; x_wconf 90' lang='lat' dir='ltr'><strong>tamen</strong></span> <span class='ocrx_word' id='word_1_11' title='bbox 799 583 917 638; x_wconf 87' lang='lat' dir='ltr'><strong>formam</strong></span> <span class='ocrx_word' id='word_1_12' title='bbox 928 584 1017 639; x_wconf 88' lang='lat' dir='ltr'><strong>consi-</strong></span> 
     </span>
     <span class='ocr_line' id='line_1_3' title="bbox 166 669 1017 741; baseline -0.002 -15"><span class='ocrx_word' id='word_1_13' title='bbox 166 671 277 726; x_wconf 86' lang='lat' dir='ltr'><strong>deranti</strong></span> <span class='ocrx_word' id='word_1_14' title='bbox 302 669 381 724; x_wconf 77' lang='lat' dir='ltr'><strong>facile</strong></span> <span class='ocrx_word' id='word_1_15' title='bbox 405 670 572 725; x_wconf 89' lang='lat' dir='ltr'><strong>credendum</strong></span> <span class='ocrx_word' id='word_1_16' title='bbox 592 676 640 724; x_wconf 88' lang='lat' dir='ltr'><strong>est.</strong></span> <span class='ocrx_word' id='word_1_17' title='bbox 680 669 755 724; x_wconf 88' lang='lat' dir='ltr'><strong>Hinc</strong></span> <span class='ocrx_word' id='word_1_18' title='bbox 774 669 895 723; x_wconf 84' lang='lat' dir='ltr'><strong>Termini</strong></span> <span class='ocrx_word' id='word_1_19' title='bbox 918 671 1017 741; x_wconf 85' lang='lat' dir='ltr'><strong>cultus,</strong></span> 
     </span>
     <span class='ocr_line' id='line_1_4' title="bbox 166 755 1017 828; baseline 0 -17"><span class='ocrx_word' id='word_1_20' title='bbox 166 759 233 813; x_wconf 90' lang='lat' dir='ltr'><strong>hinc</strong></span> <span class='ocrx_word' id='word_1_21' title='bbox 245 756 382 812; x_wconf 78' lang='lat' dir='ltr'><strong>fetialium</strong></span> <span class='ocrx_word' id='word_1_22' title='bbox 392 756 562 824; x_wconf 71' lang='lat' dir='ltr'><strong>ceremonia,</strong></span> <span class='ocrx_word' id='word_1_23' title='bbox 571 755 634 809; x_wconf 91' lang='lat' dir='ltr'><strong>hinc</strong></span> <span class='ocrx_word' id='word_1_24' title='bbox 646 757 734 810; x_wconf 88' lang='lat' dir='ltr'><strong>omnis</strong></span> <span class='ocrx_word' id='word_1_25' title='bbox 742 756 789 810; x_wconf 87' lang='lat' dir='ltr'><strong>illa</strong></span> <span class='ocrx_word' id='word_1_26' title='bbox 798 756 1017 828; x_wconf 87' lang='lat' dir='ltr'><strong>agrimensorum</strong></span> 
     </span>
     <span class='ocr_line' id='line_1_5' title="bbox 166 841 1016 914; baseline 0 -17"><span class='ocrx_word' id='word_1_27' title='bbox 166 843 322 914; x_wconf 83' lang='lat' dir='ltr'><strong>disciplina.</strong></span> <span class='ocrx_word' id='word_1_28' title='bbox 361 843 432 896; x_wconf 91' lang='lat' dir='ltr'><strong>Mite</strong></span> <span class='ocrx_word' id='word_1_29' title='bbox 449 842 614 912; x_wconf 88' lang='lat' dir='ltr'><strong>supplicium</strong></span> <span class='ocrx_word' id='word_1_30' title='bbox 627 844 661 896; x_wconf 93' lang='lat' dir='ltr'><strong>de</strong></span> <span class='ocrx_word' id='word_1_31' title='bbox 677 841 849 896; x_wconf 65' lang='lat' dir='ltr'><strong>debitorssrus</strong></span> <span class='ocrx_word' id='word_1_32' title='bbox 864 849 1016 912; x_wconf 89' lang='lat' dir='ltr'><strong>sumptum,</strong></span> 
     </span>
     <span class='ocr_line' id='line_1_6' title="bbox 167 929 1016 1001; baseline -0.001 -18"><span class='ocrx_word' id='word_1_33' title='bbox 167 930 248 1001; x_wconf 80' lang='lat' dir='ltr'><strong>quasi</strong></span> <span class='ocrx_word' id='word_1_34' title='bbox 265 930 421 982; x_wconf 88' lang='lat' dir='ltr'><strong>humanum</strong></span> <span class='ocrx_word' id='word_1_35' title='bbox 444 935 514 982; x_wconf 88' lang='lat' dir='ltr'><strong>esset</strong></span> <span class='ocrx_word' id='word_1_36' title='bbox 536 930 626 999; x_wconf 83' lang='lat' dir='ltr'><strong>magis</strong></span> <span class='ocrx_word' id='word_1_37' title='bbox 647 929 797 982; x_wconf 89' lang='lat' dir='ltr'><strong>clementer</strong></span> <span class='ocrx_word' id='word_1_38' title='bbox 818 945 909 999; x_wconf 87' lang='lat' dir='ltr'><strong>agere,</strong></span> <span class='ocrx_word' id='word_1_39' title='bbox 932 947 1016 1000; x_wconf 88' lang='lat' dir='ltr'><strong>quam</strong></span> 
     </span>
     <span class='ocr_line' id='line_1_7' title="bbox 167 1013 1018 1085; baseline 0 -16"><span class='ocrx_word' id='word_1_40' title='bbox 167 1015 294 1070; x_wconf 74' lang='lat' dir='ltr'><strong>accurate</strong></span> <span class='ocrx_word' id='word_1_41' title='bbox 308 1015 355 1085; x_wconf 90' lang='lat' dir='ltr'><strong>jus</strong></span> <span class='ocrx_word' id='word_1_42' title='bbox 373 1013 519 1084; x_wconf 90' lang='lat' dir='ltr'><strong>postulare.</strong></span> <span class='ocrx_word' id='word_1_43' title='bbox 557 1014 603 1068; x_wconf 87' lang='lat' dir='ltr'><strong>Sic</strong></span> <span class='ocrx_word' id='word_1_44' title='bbox 622 1015 682 1085; x_wconf 89' lang='lat' dir='ltr'><strong>ipsa</strong></span> <span class='ocrx_word' id='word_1_45' title='bbox 697 1031 806 1085; x_wconf 90' lang='lat' dir='ltr'><strong>quoque</strong></span> <span class='ocrx_word' id='word_1_46' title='bbox 824 1015 899 1068; x_wconf 88' lang='lat' dir='ltr'><strong>urbis</strong></span> <span class='ocrx_word' id='word_1_47' title='bbox 915 1017 1018 1069; x_wconf 84' lang='lat' dir='ltr'><strong>moenia</strong></span> 
     </span>
     <span class='ocr_line' id='line_1_8' title="bbox 169 1100 1017 1173; baseline -0.001 -17"><span class='ocrx_word' id='word_1_48' title='bbox 169 1107 340 1156; x_wconf 85' lang='lat' dir='ltr'><strong>sacrosancta</strong></span> <span class='ocrx_word' id='word_1_49' title='bbox 350 1101 500 1173; x_wconf 85' lang='lat' dir='ltr'><strong>fingebant,</strong></span> <span class='ocrx_word' id='word_1_50' title='bbox 515 1107 547 1154; x_wconf 93' lang='lat' dir='ltr'><strong>ut</strong></span> <span class='ocrx_word' id='word_1_51' title='bbox 562 1101 682 1171; x_wconf 83' lang='lat' dir='ltr'><strong>patriam</strong></span> <span class='ocrx_word' id='word_1_52' title='bbox 697 1100 844 1154; x_wconf 83' lang='lat' dir='ltr'>defendere</span> <span class='ocrx_word' id='word_1_53' title='bbox 858 1101 927 1154; x_wconf 91' lang='lat' dir='ltr'><strong>nihil</strong></span> <span class='ocrx_word' id='word_1_54' title='bbox 941 1102 1017 1155; x_wconf 88' lang='lat' dir='ltr'><strong>alind</strong></span> 
     </span>
     <span class='ocr_line' id='line_1_9' title="bbox 168 1187 1016 1259; baseline -0.001 -17"><span class='ocrx_word' id='word_1_55' title='bbox 168 1194 239 1242; x_wconf 86' lang='lat' dir='ltr'><strong>esset</strong></span> <span class='ocrx_word' id='word_1_56' title='bbox 256 1205 339 1258; x_wconf 90' lang='lat' dir='ltr'><strong>qnam</strong></span> <span class='ocrx_word' id='word_1_57' title='bbox 352 1206 402 1259; x_wconf 92' lang='lat' dir='ltr'><strong>pro</strong></span> <span class='ocrx_word' id='word_1_58' title='bbox 415 1187 478 1240; x_wconf 88' lang='lat' dir='ltr'><strong>Diis</strong></span> <span class='ocrx_word' id='word_1_59' title='bbox 490 1194 612 1257; x_wconf 79' lang='lat' dir='ltr'><strong>certare3</strong></span> <span class='ocrx_word' id='word_1_60' title='bbox 632 1204 720 1241; x_wconf 87' lang='lat' dir='ltr'><strong>unum</strong></span> <span class='ocrx_word' id='word_1_61' title='bbox 731 1187 800 1241; x_wconf 89' lang='lat' dir='ltr'><strong>illud</strong></span> <span class='ocrx_word' id='word_1_62' title='bbox 814 1187 902 1241; x_wconf 81' lang='lat' dir='ltr'><strong>defuit</strong></span> <span class='ocrx_word' id='word_1_63' title='bbox 918 1188 1016 1241; x_wconf 89' lang='lat' dir='ltr'><strong>Etrus-</strong></span> 
     </span>
     <span class='ocr_line' id='line_1_10' title="bbox 167 1273 1017 1344; baseline 0 -16"><span class='ocrx_word' id='word_1_64' title='bbox 167 1291 263 1328; x_wconf 89' lang='lat' dir='ltr'><strong>corum</strong></span> <span class='ocrx_word' id='word_1_65' title='bbox 276 1273 435 1344; x_wconf 68' lang='lat' dir='ltr'><strong>reipublicae</strong></span> <span class='ocrx_word' id='word_1_66' title='bbox 449 1273 536 1326; x_wconf 89' lang='lat' dir='ltr'><strong>libera</strong></span> <span class='ocrx_word' id='word_1_67' title='bbox 552 1280 635 1344; x_wconf 89' lang='lat' dir='ltr'><strong>atque</strong></span> <span class='ocrx_word' id='word_1_68' title='bbox 649 1274 764 1326; x_wconf 90' lang='lat' dir='ltr'><strong>honesta</strong></span> <span class='ocrx_word' id='word_1_69' title='bbox 778 1273 872 1343; x_wconf 88' lang='lat' dir='ltr'><strong>plebs:</strong></span> <span class='ocrx_word' id='word_1_70' title='bbox 890 1291 940 1328; x_wconf 91' lang='lat' dir='ltr'><strong>nec</strong></span> <span class='ocrx_word' id='word_1_71' title='bbox 955 1274 1017 1328; x_wconf 92' lang='lat' dir='ltr'><strong>ideo</strong></span> 
     </span>
     <span class='ocr_line' id='line_1_11' title="bbox 168 1360 1017 1430; baseline 0.001 -16"><span class='ocrx_word' id='word_1_72' title='bbox 168 1360 280 1429; x_wconf 88' lang='lat' dir='ltr'><strong>mirum,</strong></span> <span class='ocrx_word' id='word_1_73' title='bbox 314 1361 336 1414; x_wconf 91' lang='lat' dir='ltr'><strong>si</strong></span> <span class='ocrx_word' id='word_1_74' title='bbox 360 1360 489 1414; x_wconf 90' lang='lat' dir='ltr'><strong>universo</strong></span> <span class='ocrx_word' id='word_1_75' title='bbox 515 1360 694 1414; x_wconf 87' lang='lat' dir='ltr'><strong>Etruscorum</strong></span> <span class='ocrx_word' id='word_1_76' title='bbox 722 1360 825 1430; x_wconf 91' lang='lat' dir='ltr'><strong>populo</strong></span> <span class='ocrx_word' id='word_1_77' title='bbox 853 1360 1017 1415; x_wconf 88' lang='lat' dir='ltr'><strong>debellando</strong></span> 
     </span>
     <span class='ocr_line' id='line_1_12' title="bbox 169 1445 1016 1517; baseline 0 -17"><span class='ocrx_word' id='word_1_78' title='bbox 169 1447 234 1500; x_wconf 89' lang='lat' dir='ltr'><strong>urbs</strong></span> <span class='ocrx_word' id='word_1_79' title='bbox 249 1465 305 1501; x_wconf 84' lang='lat' dir='ltr'><strong>una</strong></span> <span class='ocrx_word' id='word_1_80' title='bbox 318 1446 463 1500; x_wconf 88' lang='lat' dir='ltr'><strong>sufficeret.</strong></span> <span class='ocrx_word' id='word_1_81' title='bbox 501 1446 566 1500; x_wconf 90' lang='lat' dir='ltr'><strong>Fuit</strong></span> <span class='ocrx_word' id='word_1_82' title='bbox 579 1452 672 1500; x_wconf 90' lang='lat' dir='ltr'><strong>antem</strong></span> <span class='ocrx_word' id='word_1_83' title='bbox 690 1445 793 1514; x_wconf 70' lang='lat' dir='ltr'><strong>reveri,</strong></span> <span class='ocrx_word' id='word_1_84' title='bbox 812 1446 834 1499; x_wconf 91' lang='lat' dir='ltr'><strong>si</strong></span> <span class='ocrx_word' id='word_1_85' title='bbox 851 1453 946 1517; x_wconf 85' lang='lat' dir='ltr'>gentes</span> <span class='ocrx_word' id='word_1_86' title='bbox 961 1464 1016 1500; x_wconf 90' lang='lat' dir='ltr'><strong>non</strong></span> 
     </span>
     <span class='ocr_line' id='line_1_13' title="bbox 169 1532 1015 1603; baseline 0 -18"><span class='ocrx_word' id='word_1_87' title='bbox 169 1532 242 1586; x_wconf 86' lang='lat' dir='ltr'><strong>locos</strong></span> <span class='ocrx_word' id='word_1_88' title='bbox 254 1540 398 1603; x_wconf 77' lang='lat' dir='ltr'>spectares,</span> <span class='ocrx_word' id='word_1_89' title='bbox 408 1532 529 1586; x_wconf 86' lang='lat' dir='ltr'><strong>Orientis</strong></span> <span class='ocrx_word' id='word_1_90' title='bbox 542 1549 604 1586; x_wconf 91' lang='lat' dir='ltr'><strong>cum</strong></span> <span class='ocrx_word' id='word_1_91' title='bbox 613 1532 763 1586; x_wconf 84' lang='lat' dir='ltr'>Occidente</span> <span class='ocrx_word' id='word_1_92' title='bbox 776 1539 931 1586; x_wconf 87' lang='lat' dir='ltr'><strong>certarnen:</strong></span> <span class='ocrx_word' id='word_1_93' title='bbox 950 1532 1015 1592; x_wconf 87' lang='lat' dir='ltr'><strong>hinc</strong></span> 
     </span>
     <span class='ocr_line' id='line_1_14' title="bbox 170 1617 1017 1689; baseline 0.002 -19"><span class='ocrx_word' id='word_1_94' title='bbox 170 1617 245 1671; x_wconf 85' lang='lat' dir='ltr'><strong>enirn</strong></span> <span class='ocrx_word' id='word_1_95' title='bbox 258 1619 348 1672; x_wconf 85' lang='lat' dir='ltr'><strong>stabat</strong></span> <span class='ocrx_word' id='word_1_96' title='bbox 355 1619 455 1689; x_wconf 91' lang='lat' dir='ltr'><strong>pudor,</strong></span> <span class='ocrx_word' id='word_1_97' title='bbox 467 1617 544 1672; x_wconf 91' lang='lat' dir='ltr'><strong>illinc</strong></span> <span class='ocrx_word' id='word_1_98' title='bbox 550 1625 658 1687; x_wconf 90' lang='lat' dir='ltr'><strong>metus;</strong></span> <span class='ocrx_word' id='word_1_99' title='bbox 674 1618 738 1672; x_wconf 89' lang='lat' dir='ltr'><strong>hinc</strong></span> <span class='ocrx_word' id='word_1_100' title='bbox 751 1619 873 1686; x_wconf 86' lang='lat' dir='ltr'><strong>libertas,</strong></span> <span class='ocrx_word' id='word_1_101' title='bbox 881 1619 957 1673; x_wconf 90' lang='lat' dir='ltr'><strong>illinc</strong></span> <span class='ocrx_word' id='word_1_102' title='bbox 967 1619 1017 1672; x_wconf 92' lang='lat' dir='ltr'><strong>do-</strong></span> 
     </span>
     <span class='ocr_line' id='line_1_15' title="bbox 169 1704 1018 1776; baseline 0.001 -18"><span class='ocrx_word' id='word_1_103' title='bbox 169 1704 284 1759; x_wconf 81' lang='lat' dir='ltr'><strong>minatio</strong></span> <span class='ocrx_word' id='word_1_104' title='bbox 301 1721 470 1776; x_wconf 79' lang='lat' dir='ltr'><strong>paucorum3</strong></span> <span class='ocrx_word' id='word_1_105' title='bbox 491 1704 555 1758; x_wconf 91' lang='lat' dir='ltr'><strong>hinc</strong></span> <span class='ocrx_word' id='word_1_106' title='bbox 573 1705 719 1758; x_wconf 87' lang='lat' dir='ltr'><strong>crescentis</strong></span> <span class='ocrx_word' id='word_1_107' title='bbox 735 1705 832 1775; x_wconf 88' lang='lat' dir='ltr'><strong>populi</strong></span> <span class='ocrx_word' id='word_1_108' title='bbox 843 1705 925 1773; x_wconf 86' lang='lat' dir='ltr'><strong>vires,</strong></span> <span class='ocrx_word' id='word_1_109' title='bbox 943 1705 1018 1759; x_wconf 86' lang='lat' dir='ltr'><strong>illinc</strong></span> 
     </span>
     <span class='ocr_line' id='line_1_16' title="bbox 169 1789 1017 1861; baseline 0 -17"><span class='ocrx_word' id='word_1_110' title='bbox 169 1789 251 1844; x_wconf 84' lang='lat' dir='ltr'><strong>effeta</strong></span> <span class='ocrx_word' id='word_1_111' title='bbox 262 1797 382 1860; x_wconf 87' lang='lat' dir='ltr'><strong>potestas</strong></span> <span class='ocrx_word' id='word_1_112' title='bbox 393 1790 496 1860; x_wconf 69' lang='lat' dir='ltr'><strong>suique</strong></span> <span class='ocrx_word' id='word_1_113' title='bbox 509 1791 594 1861; x_wconf 90' lang='lat' dir='ltr'><strong>ipsius</strong></span> <span class='ocrx_word' id='word_1_114' title='bbox 607 1791 679 1845; x_wconf 89' lang='lat' dir='ltr'><strong>mole</strong></span> <span class='ocrx_word' id='word_1_115' title='bbox 691 1791 832 1844; x_wconf 84' lang='lat' dir='ltr'><strong>dissoluta.</strong></span> <span class='ocrx_word' id='word_1_116' title='bbox 853 1790 895 1843; x_wconf 89' lang='lat' dir='ltr'><strong>Ea</strong></span> <span class='ocrx_word' id='word_1_117' title='bbox 904 1792 1017 1845; x_wconf 92' lang='lat' dir='ltr'><strong>demum</strong></span> 
     </span>
     <span class='ocr_line' id='line_1_17' title="bbox 169 1875 1017 1948; baseline 0.002 -19"><span class='ocrx_word' id='word_1_118' title='bbox 169 1875 262 1930; x_wconf 86' lang='lat' dir='ltr'><strong>fatalis</strong></span> <span class='ocrx_word' id='word_1_119' title='bbox 273 1883 341 1931; x_wconf 87' lang='lat' dir='ltr'><strong>actas</strong></span> <span class='ocrx_word' id='word_1_120' title='bbox 352 1876 475 1929; x_wconf 84' lang='lat' dir='ltr'><strong>Etruscis</strong></span> <span class='ocrx_word' id='word_1_121' title='bbox 487 1876 611 1930; x_wconf 86' lang='lat' dir='ltr'><strong>revolute</strong></span> <span class='ocrx_word' id='word_1_122' title='bbox 626 1882 675 1944; x_wconf 90' lang='lat' dir='ltr'><strong>est,</strong></span> <span class='ocrx_word' id='word_1_123' title='bbox 689 1894 753 1930; x_wconf 90' lang='lat' dir='ltr'><strong>cum</strong></span> <span class='ocrx_word' id='word_1_124' title='bbox 766 1894 856 1948; x_wconf 89' lang='lat' dir='ltr'><strong>neque</strong></span> <span class='ocrx_word' id='word_1_125' title='bbox 869 1877 1017 1947; x_wconf 85' lang='lat' dir='ltr'><strong>optimates</strong></span> 
     </span>
     <span class='ocr_line' id='line_1_18' title="bbox 169 1961 1017 2032; baseline 0.002 -18"><span class='ocrx_word' id='word_1_126' title='bbox 169 1961 273 2031; x_wconf 74' lang='lat' dir='ltr'><strong>injuste</strong></span> <span class='ocrx_word' id='word_1_127' title='bbox 285 1962 442 2032; x_wconf 87' lang='lat' dir='ltr'><strong>reipublicae</strong></span> <span class='ocrx_word' id='word_1_128' title='bbox 457 1962 625 2031; x_wconf 85' lang='lat' dir='ltr'>possessione</span> <span class='ocrx_word' id='word_1_129' title='bbox 636 1962 773 2031; x_wconf 90' lang='lat' dir='ltr'><strong>cederent,</strong></span> <span class='ocrx_word' id='word_1_130' title='bbox 791 1979 842 2016; x_wconf 88' lang='lat' dir='ltr'><strong>nec</strong></span> <span class='ocrx_word' id='word_1_131' title='bbox 853 1963 940 2032; x_wconf 78' lang='lat' dir='ltr'><strong>plebe,</strong></span> <span class='ocrx_word' id='word_1_132' title='bbox 952 1963 1017 2016; x_wconf 87' lang='lat' dir='ltr'><strong>satis</strong></span> 
     </span>
     <span class='ocr_line' id='line_1_19' title="bbox 170 2046 1016 2118; baseline 0.004 -19"><span class='ocrx_word' id='word_1_133' title='bbox 170 2046 265 2099; x_wconf 87' lang='lat' dir='ltr'><strong>firmas</strong></span> <span class='ocrx_word' id='word_1_134' title='bbox 277 2054 357 2101; x_wconf 80' lang='lat' dir='ltr'><strong>nacte</strong></span> <span class='ocrx_word' id='word_1_135' title='bbox 369 2047 448 2113; x_wconf 84' lang='lat' dir='ltr'><strong>vires,</strong></span> <span class='ocrx_word' id='word_1_136' title='bbox 459 2048 636 2118; x_wconf 90' lang='lat' dir='ltr'><strong>optimatium</strong></span> <span class='ocrx_word' id='word_1_137' title='bbox 650 2054 813 2118; x_wconf 87' lang='lat' dir='ltr'><strong>potestatem</strong></span> <span class='ocrx_word' id='word_1_138' title='bbox 826 2055 957 2116; x_wconf 85' lang='lat' dir='ltr'><strong>evertere,</strong></span> <span class='ocrx_word' id='word_1_139' title='bbox 971 2067 1016 2102; x_wconf 90' lang='lat' dir='ltr'><strong>su-</strong></span> 
     </span>
     <span class='ocr_line' id='line_1_20' title="bbox 171 2133 998 2204; baseline 0.005 -19"><span class='ocrx_word' id='word_1_140' title='bbox 171 2133 271 2202; x_wconf 84' lang='lat' dir='ltr'><strong>perbos</strong></span> <span class='ocrx_word' id='word_1_141' title='bbox 282 2133 439 2202; x_wconf 88' lang='lat' dir='ltr'><strong>reipublicae</strong></span> <span class='ocrx_word' id='word_1_142' title='bbox 452 2134 579 2189; x_wconf 91' lang='lat' dir='ltr'><strong>dominos</strong></span> <span class='ocrx_word' id='word_1_143' title='bbox 591 2151 608 2187; x_wconf 86' lang='lat' dir='ltr'><strong>a</strong></span> <span class='ocrx_word' id='word_1_144' title='bbox 619 2133 714 2204; x_wconf 85' lang='lat' dir='ltr'><strong>seipsis</strong></span> <span class='ocrx_word' id='word_1_145' title='bbox 727 2151 886 2188; x_wconf 84' lang='lat' dir='ltr'><strong>conservare</strong></span> <span class='ocrx_word' id='word_1_146' title='bbox 897 2142 998 2204; x_wconf 88' lang='lat' dir='ltr'><strong>posset.</strong></span> 
     </span>
    </p>

    <p class='ocr_par' dir='ltr' id='par_1_2' title="bbox 168 2218 1017 2894">
     <span class='ocr_line' id='line_1_21' title="bbox 209 2218 1016 2290; baseline 0.004 -18"><span class='ocrx_word' id='word_1_147' title='bbox 209 2218 279 2280; x_wconf 79' lang='lat' dir='ltr'><strong>Quae</strong></span> <span class='ocrx_word' id='word_1_148' title='bbox 293 2218 378 2289; x_wconf 87' lang='lat' dir='ltr'><strong>igitur</strong></span> <span class='ocrx_word' id='word_1_149' title='bbox 393 2219 441 2274; x_wconf 88' lang='lat' dir='ltr'><strong>ilia</strong></span> <span class='ocrx_word' id='word_1_150' title='bbox 458 2220 585 2290; x_wconf 85' lang='lat' dir='ltr'><strong>cognatio</strong></span> <span class='ocrx_word' id='word_1_151' title='bbox 603 2237 665 2290; x_wconf 88' lang='lat' dir='ltr'><strong>quae</strong></span> <span class='ocrx_word' id='word_1_152' title='bbox 679 2221 748 2273; x_wconf 91' lang='lat' dir='ltr'><strong>dnos</strong></span> <span class='ocrx_word' id='word_1_153' title='bbox 764 2220 836 2273; x_wconf 83' lang='lat' dir='ltr'><strong>inter</strong></span> <span class='ocrx_word' id='word_1_154' title='bbox 855 2237 883 2272; x_wconf 90' lang='lat' dir='ltr'><strong>se</strong></span> <span class='ocrx_word' id='word_1_155' title='bbox 899 2221 1016 2290; x_wconf 92' lang='lat' dir='ltr'><strong>populos</strong></span> 
     </span>
     <span class='ocr_line' id='line_1_22' title="bbox 171 2304 1016 2376; baseline 0.004 -18"><span class='ocrx_word' id='word_1_156' title='bbox 171 2305 242 2358; x_wconf 88' lang='lat' dir='ltr'><strong>adeo</strong></span> <span class='ocrx_word' id='word_1_157' title='bbox 257 2304 389 2359; x_wconf 82' lang='lat' dir='ltr'><strong>tenaciter</strong></span> <span class='ocrx_word' id='word_1_158' title='bbox 402 2305 507 2360; x_wconf 89' lang='lat' dir='ltr'><strong>vinctos</strong></span> <span class='ocrx_word' id='word_1_159' title='bbox 523 2306 650 2373; x_wconf 83' lang='lat' dir='ltr'><strong>tennerit,</strong></span> <span class='ocrx_word' id='word_1_160' title='bbox 667 2323 729 2376; x_wconf 87' lang='lat' dir='ltr'><strong>qnae</strong></span> <span class='ocrx_word' id='word_1_161' title='bbox 746 2322 845 2374; x_wconf 87' lang='lat' dir='ltr'><strong>mores,</strong></span> <span class='ocrx_word' id='word_1_162' title='bbox 863 2323 925 2376; x_wconf 83' lang='lat' dir='ltr'><strong>quae</strong></span> <span class='ocrx_word' id='word_1_163' title='bbox 941 2308 1016 2361; x_wconf 88' lang='lat' dir='ltr'><strong>relli-</strong></span> 
     </span>
     <span class='ocr_line' id='line_1_23' title="bbox 169 2391 1017 2463; baseline 0.006 -19"><span class='ocrx_word' id='word_1_164' title='bbox 169 2391 289 2463; x_wconf 87' lang='lat' dir='ltr'><strong>gionem,</strong></span> <span class='ocrx_word' id='word_1_165' title='bbox 303 2408 364 2461; x_wconf 85' lang='lat' dir='ltr'><strong>quae</strong></span> <span class='ocrx_word' id='word_1_166' title='bbox 377 2391 503 2446; x_wconf 87' lang='lat' dir='ltr'><strong>instituta</strong></span> <span class='ocrx_word' id='word_1_167' title='bbox 517 2392 707 2445; x_wconf 88' lang='lat' dir='ltr'><strong>Romanorum</strong></span> <span class='ocrx_word' id='word_1_168' title='bbox 718 2392 828 2463; x_wconf 89' lang='lat' dir='ltr'><strong>penitus</strong></span> <span class='ocrx_word' id='word_1_169' title='bbox 841 2392 973 2463; x_wconf 84' lang='lat' dir='ltr'><strong>infecerit,</strong></span> <span class='ocrx_word' id='word_1_170' title='bbox 988 2401 1017 2449; x_wconf 89' lang='lat' dir='ltr'><strong>et</strong></span> 
     </span>
     <span class='ocr_line' id='line_1_24' title="bbox 169 2476 1016 2549; baseline 0.005 -20"><span class='ocrx_word' id='word_1_171' title='bbox 169 2477 199 2530; x_wconf 94' lang='lat' dir='ltr'><strong>in</strong></span> <span class='ocrx_word' id='word_1_172' title='bbox 222 2476 349 2531; x_wconf 88' lang='lat' dir='ltr'><strong>intimam</strong></span> <span class='ocrx_word' id='word_1_173' title='bbox 381 2479 538 2532; x_wconf 81' lang='lat' dir='ltr'><strong>societatem</strong></span> <span class='ocrx_word' id='word_1_174' title='bbox 566 2479 760 2549; x_wconf 87' lang='lat' dir='ltr'><strong>penetraverit.</strong></span> <span class='ocrx_word' id='word_1_175' title='bbox 798 2477 872 2532; x_wconf 83' lang='lat' dir='ltr'><strong>Satis</strong></span> <span class='ocrx_word' id='word_1_176' title='bbox 903 2479 1016 2548; x_wconf 92' lang='lat' dir='ltr'><strong>quidem</strong></span> 
     </span>
     <span class='ocr_line' id='line_1_25' title="bbox 168 2563 1017 2620; baseline 0.002 -3"><span class='ocrx_word' id='word_1_177' title='bbox 168 2570 276 2617; x_wconf 87' lang='lat' dir='ltr'><strong>constat</strong></span> <span class='ocrx_word' id='word_1_178' title='bbox 295 2563 339 2617; x_wconf 89' lang='lat' dir='ltr'><strong>vel</strong></span> <span class='ocrx_word' id='word_1_179' title='bbox 359 2565 394 2617; x_wconf 87' lang='lat' dir='ltr'><strong>ab</strong></span> <span class='ocrx_word' id='word_1_180' title='bbox 411 2565 491 2618; x_wconf 91' lang='lat' dir='ltr'><strong>initio</strong></span> <span class='ocrx_word' id='word_1_181' title='bbox 512 2565 631 2619; x_wconf 86' lang='lat' dir='ltr'><strong>civitatis</strong></span> <span class='ocrx_word' id='word_1_182' title='bbox 650 2565 789 2619; x_wconf 85' lang='lat' dir='ltr'><strong>Romanos</strong></span> <span class='ocrx_word' id='word_1_183' title='bbox 810 2583 874 2618; x_wconf 90' lang='lat' dir='ltr'><strong>cnm</strong></span> <span class='ocrx_word' id='word_1_184' title='bbox 894 2566 1017 2620; x_wconf 87' lang='lat' dir='ltr'><strong>Etruscis</strong></span> 
     </span>
     <span class='ocr_line' id='line_1_26' title="bbox 169 2649 1015 2722; baseline 0.004 -19"><span class='ocrx_word' id='word_1_185' title='bbox 169 2655 219 2703; x_wconf 89' lang='lat' dir='ltr'><strong>aut</strong></span> <span class='ocrx_word' id='word_1_186' title='bbox 246 2649 349 2704; x_wconf 88' lang='lat' dir='ltr'><strong>foedere</strong></span> <span class='ocrx_word' id='word_1_187' title='bbox 377 2650 456 2719; x_wconf 82' lang='lat' dir='ltr'><strong>inito,</strong></span> <span class='ocrx_word' id='word_1_188' title='bbox 481 2658 530 2704; x_wconf 89' lang='lat' dir='ltr'><strong>ant</strong></span> <span class='ocrx_word' id='word_1_189' title='bbox 555 2650 648 2722; x_wconf 90' lang='lat' dir='ltr'><strong>aliquo</strong></span> <span class='ocrx_word' id='word_1_190' title='bbox 671 2649 745 2704; x_wconf 73' lang='lat' dir='ltr'><strong>certe</strong></span> <span class='ocrx_word' id='word_1_191' title='bbox 765 2651 849 2704; x_wconf 89' lang='lat' dir='ltr'><strong>modo</strong></span> <span class='ocrx_word' id='word_1_192' title='bbox 871 2652 1015 2706; x_wconf 85' lang='lat' dir='ltr'><strong>contineri.</strong></span> 
     </span>
     <span class='ocr_line' id='line_1_27' title="bbox 169 2736 1015 2807; baseline 0.002 -17"><span class='ocrx_word' id='word_1_193' title='bbox 169 2737 187 2790; x_wconf 89' lang='lat' dir='ltr'><strong>J</strong></span> <span class='ocrx_word' id='word_1_194' title='bbox 189 2753 236 2789; x_wconf 81' lang='lat' dir='ltr'><strong>ani</strong></span> <span class='ocrx_word' id='word_1_195' title='bbox 251 2736 279 2788; x_wconf 90' lang='lat' dir='ltr'><strong>in</strong></span> <span class='ocrx_word' id='word_1_196' title='bbox 292 2737 357 2806; x_wconf 90' lang='lat' dir='ltr'><strong>ipsis</strong></span> <span class='ocrx_word' id='word_1_197' title='bbox 372 2743 516 2807; x_wconf 89' lang='lat' dir='ltr'><strong>poetarum</strong></span> <span class='ocrx_word' id='word_1_198' title='bbox 535 2737 643 2805; x_wconf 89' lang='lat' dir='ltr'><strong>fabulis,</strong></span> <span class='ocrx_word' id='word_1_199' title='bbox 664 2736 818 2790; x_wconf 86' lang='lat' dir='ltr'><strong>Mezentius</strong></span> <span class='ocrx_word' id='word_1_200' title='bbox 834 2737 953 2791; x_wconf 83' lang='lat' dir='ltr'><strong>Etruriae</strong></span> <span class='ocrx_word' id='word_1_201' title='bbox 967 2755 1015 2792; x_wconf 83' lang='lat' dir='ltr'><strong>rex</strong></span> 
     </span>
     <span class='ocr_line' id='line_1_28' title="bbox 169 2821 1015 2894; baseline 0.001 -18"><span class='ocrx_word' id='word_1_202' title='bbox 169 2823 228 2876; x_wconf 86' lang='lat' dir='ltr'><strong>sive</strong></span> <span class='ocrx_word' id='word_1_203' title='bbox 240 2828 376 2894; x_wconf 84' lang='lat' dir='ltr'><strong>tyrannus</strong></span> <span class='ocrx_word' id='word_1_204' title='bbox 388 2822 442 2876; x_wconf 88' lang='lat' dir='ltr'><strong>fert</strong></span> <span class='ocrx_word' id='word_1_205' title='bbox 458 2840 535 2876; x_wconf 84' lang='lat' dir='ltr'><strong>arma</strong></span> <span class='ocrx_word' id='word_1_206' title='bbox 550 2821 672 2893; x_wconf 75' lang='lat' dir='ltr'><strong>Trojanis</strong></span> <span class='ocrx_word' id='word_1_207' title='bbox 684 2821 792 2890; x_wconf 83' lang='lat' dir='ltr'><strong>infesta,</strong></span> <span class='ocrx_word' id='word_1_208' title='bbox 805 2823 910 2892; x_wconf 88' lang='lat' dir='ltr'><strong>reliqna</strong></span> <span class='ocrx_word' id='word_1_209' title='bbox 921 2829 1015 2877; x_wconf 87' lang='lat' dir='ltr'><strong>tamen</strong></span> 
     </span>
    </p>
   </div>
   <div class='ocr_carea' id='block_1_2' title="bbox 169 2907 1016 3060">
    <p class='ocr_par' dir='ltr' id='par_1_3' title="bbox 169 2907 1016 3060">
     <span class='ocr_line' id='line_1_29' title="bbox 170 2907 1015 2978; baseline 0 -16"><span class='ocrx_word' id='word_1_210' title='bbox 170 2908 240 2962; x_wconf 91' lang='lat' dir='ltr'><strong>duce</strong></span> <span class='ocrx_word' id='word_1_211' title='bbox 264 2908 418 2962; x_wconf 84' lang='lat' dir='ltr'><strong>Tarchonte</strong></span> <span class='ocrx_word' id='word_1_212' title='bbox 444 2908 603 2975; x_wconf 89' lang='lat' dir='ltr'><strong>multitudo,</strong></span> <span class='ocrx_word' id='word_1_213' title='bbox 631 2907 688 2961; x_wconf 90' lang='lat' dir='ltr'><strong>fida</strong></span> <span class='ocrx_word' id='word_1_214' title='bbox 714 2914 796 2978; x_wconf 89' lang='lat' dir='ltr'><strong>atque</strong></span> <span class='ocrx_word' id='word_1_215' title='bbox 825 2909 944 2963; x_wconf 89' lang='lat' dir='ltr'><strong>socialia.</strong></span> <span class='ocrx_word' id='word_1_216' title='bbox 982 2910 1015 2962; x_wconf 92' lang='lat' dir='ltr'><strong>In</strong></span> 
     </span>
     <span class='ocr_line' id='line_1_30' title="bbox 169 2989 1016 3060; baseline 0.004 -18"><span class='ocrx_word' id='word_1_217' title='bbox 169 2990 270 3060; x_wconf 90' lang='lat' dir='ltr'><strong>quibus</strong></span> <span class='ocrx_word' id='word_1_218' title='bbox 283 2990 422 3060; x_wconf 88' lang='lat' dir='ltr'><strong>duplicem</strong></span> <span class='ocrx_word' id='word_1_219' title='bbox 435 3008 527 3044; x_wconf 90' lang='lat' dir='ltr'><strong>rerum</strong></span> <span class='ocrx_word' id='word_1_220' title='bbox 537 2989 640 3044; x_wconf 84' lang='lat' dir='ltr'><strong>famam</strong></span> <span class='ocrx_word' id='word_1_221' title='bbox 652 2990 804 3054; x_wconf 79' lang='lat' dir='ltr'><strong>notaveris3</strong></span> <span class='ocrx_word' id='word_1_222' title='bbox 826 2990 940 3044; x_wconf 87' lang='lat' dir='ltr'><strong>alteram</strong></span> <span class='ocrx_word' id='word_1_223' title='bbox 953 3009 1016 3060; x_wconf 81' lang='lat' dir='ltr'><strong>qnae</strong></span> 
     </span>
    </p>
   </div>
   <div class='ocr_carea' id='block_1_3' title="bbox 168 3075 1016 3320">
    <p class='ocr_par' dir='ltr' id='par_1_4' title="bbox 168 3075 1016 3320">
     <span class='ocr_line' id='line_1_31' title="bbox 169 3075 1016 3149; baseline 0.002 -20"><span class='ocrx_word' id='word_1_224' title='bbox 169 3075 328 3130; x_wconf 89' lang='lat' dir='ltr'><strong>inimicitias</strong></span> <span class='ocrx_word' id='word_1_225' title='bbox 349 3077 500 3130; x_wconf 74' lang='lat' dir='ltr'><strong>Veientium</strong></span> <span class='ocrx_word' id='word_1_226' title='bbox 517 3083 545 3131; x_wconf 89' lang='lat' dir='ltr'><strong>et</strong></span> <span class='ocrx_word' id='word_1_227' title='bbox 564 3076 648 3149; x_wconf 73' lang='lat' dir='ltr'><strong>prope</strong></span> <span class='ocrx_word' id='word_1_228' title='bbox 668 3077 797 3132; x_wconf 85' lang='lat' dir='ltr'><strong>continua</strong></span> <span class='ocrx_word' id='word_1_229' title='bbox 821 3076 895 3131; x_wconf 87' lang='lat' dir='ltr'><strong>bella</strong></span> <span class='ocrx_word' id='word_1_230' title='bbox 918 3078 1016 3131; x_wconf 87' lang='lat' dir='ltr'><strong>adum-</strong></span> 
     </span>
     <span class='ocr_line' id='line_1_32' title="bbox 169 3161 1016 3234; baseline 0.002 -20"><span class='ocrx_word' id='word_1_231' title='bbox 169 3162 277 3231; x_wconf 81' lang='lat' dir='ltr'><strong>braret3</strong></span> <span class='ocrx_word' id='word_1_232' title='bbox 301 3161 416 3216; x_wconf 89' lang='lat' dir='ltr'><strong>alteram</strong></span> <span class='ocrx_word' id='word_1_233' title='bbox 440 3180 502 3233; x_wconf 85' lang='lat' dir='ltr'><strong>quae</strong></span> <span class='ocrx_word' id='word_1_234' title='bbox 524 3169 645 3217; x_wconf 87' lang='lat' dir='ltr'><strong>veterem</strong></span> <span class='ocrx_word' id='word_1_235' title='bbox 669 3163 834 3234; x_wconf 87' lang='lat' dir='ltr'><strong>populorum</strong></span> <span class='ocrx_word' id='word_1_236' title='bbox 859 3163 1016 3217; x_wconf 86' lang='lat' dir='ltr'><strong>societatem</strong></span> 
     </span>
     <span class='ocr_line' id='line_1_33' title="bbox 168 3245 1016 3320; baseline 0.004 -19"><span class='ocrx_word' id='word_1_237' title='bbox 168 3245 241 3301; x_wconf 74' lang='lat' dir='ltr'><strong>clare</strong></span> <span class='ocrx_word' id='word_1_238' title='bbox 253 3247 429 3318; x_wconf 87' lang='lat' dir='ltr'><strong>exprimeret.</strong></span> <span class='ocrx_word' id='word_1_239' title='bbox 462 3249 573 3304; x_wconf 86' lang='lat' dir='ltr'><strong>Etenim</strong></span> <span class='ocrx_word' id='word_1_240' title='bbox 582 3256 667 3304; x_wconf 88' lang='lat' dir='ltr'><strong>utres</strong></span> <span class='ocrx_word' id='word_1_241' title='bbox 678 3249 750 3320; x_wconf 85' lang='lat' dir='ltr'><strong>ipsas</strong></span> <span class='ocrx_word' id='word_1_242' title='bbox 761 3249 891 3304; x_wconf 82' lang='lat' dir='ltr'><strong>sicetiam</strong></span> <span class='ocrx_word' id='word_1_243' title='bbox 904 3249 1016 3304; x_wconf 83' lang='lat' dir='ltr'><strong>nornine</strong></span> 
     </span>
    </p>
   </div>
   <div class='ocr_carea' id='block_1_4' title="bbox 0 0 1334 3992">
    <p class='ocr_par' dir='ltr' id='par_1_5' title="bbox 0 0 1334 3992">
     <span class='ocr_line' id='line_1_34' title="bbox 0 0 1334 3992; baseline 0 0"><span class='ocrx_word' id='word_1_244' title='bbox 0 0 1334 3992; x_wconf 95' lang='lat' dir='ltr'><strong> </strong></span> 
     </span>
    </p>
   </div>
  </div>
 </body>
</html>
