2656 3992
164 459 280 529 quidem
304 460 398 514 solidis
418 465 447 515 et
470 477 551 532 poene
573 460 713 530 informes,
734 461 881 532 paullatim
901 463 1023 536 eleganti

163 546 342 616 simplicitate
359 547 490 602 Doricam
504 553 677 602 venustatem
696 549 833 604 aemulatoe
849 555 922 603 sunt.
959 550 1022 604 Sin·

163 633 233 705 gula
251 651 318 688 vero
339 635 444 706 templa
464 636 494 688 in
519 641 573 690 tres
592 636 674 691 cedas
696 637 783 690 divisa
808 645 881 706 sunt,
904 655 1021 708 quarum

162 737 251 772 unam
271 720 348 788 lovi,
371 722 486 776 alteram
502 723 617 791 Junoni,
639 721 749 777 tertiam
775 723 939 777 dedicabant
961 724 1019 777 Mi-

162 823 267 861 nervae.
310 808 435 879 Antiqua
447 809 511 864 sane
526 808 616 864 forma
636 827 700 864 cum
714 828 766 863 usu
782 810 943 878 inveterata,
959 816 1019 864 tum

162 893 307 965 relligione
328 902 483 950 consecrata
502 895 564 965 fuit,
586 913 650 951 cum
669 897 791 968 singulas
811 897 909 967 templi
928 905 1019 967 partes

162 981 212 1034 vix
233 982 348 1036 dubium
373 982 409 1036 sit
428 983 567 1037 occultum
588 983 721 1053 quiddam
746 982 922 1054 siguificissse.
960 983 1019 1037 Nec

161 1067 249 1138 igitur
263 1067 387 1122 absimile
401 1075 489 1123 estut
504 1069 533 1122 in
547 1069 648 1138 medii,
663 1087 747 1140 quam
762 1070 912 1140 appellant,
926 1076 1016 1138 nate,

160 1152 200 1206 sic
212 1154 286 1223 apud
295 1154 396 1210 Tuscos
407 1172 519 1210 omnem
532 1154 610 1208 illam
622 1156 771 1226 sculptura
784 1162 813 1209 et
825 1156 1016 1212 architecturae

159 1246 250 1294 artem
262 1240 345 1295 fuisse
361 1259 446 1312 penes
463 1243 633 1313 sacerdotes3
651 1259 716 1296 oum
731 1247 825 1297 vetera
838 1242 1016 1298 Etruscorum

158 1333 342 1381 monumenta
354 1327 489 1398 ejusmodi
501 1328 567 1394 sint,
580 1346 642 1398 quae
655 1345 712 1382 non
727 1335 784 1383 tam
797 1328 890 1383 vivido
902 1335 1014 1401 vegeto·

160 1429 215 1481 que
231 1412 325 1468 liberta
347 1415 438 1485 gentis
452 1414 575 1486 ingenio,
594 1415 642 1469 sed
658 1414 772 1470 artificio
792 1415 903 1470 cuidam
926 1416 1014 1469 tribu-

162 1498 233 1552 enda
248 1500 302 1553 sint
316 1506 344 1554 et
355 1500 484 1554 imitandi
499 1500 599 1555 studio.
638 1501 683 1556 Ite
696 1519 833 1573 nusquam
847 1501 936 1573 poesis
949 1502 1015 1556 satis

93 1627 100 1642 .
161 1583 268 1656 liberas,
277 1595 309 1641 ut
318 1586 347 1640 in
357 1586 483 1658 populari
494 1587 614 1657 civitate,
624 1595 705 1642 nacta
713 1588 793 1657 vires,
804 1588 877 1658 apud
887 1589 1016 1642 Etruscos

160 1669 268 1744 flomit3
289 1674 354 1744 quia
372 1673 479 1744 relligio
495 1672 549 1727 alte
565 1674 594 1726 in
610 1674 749 1728 mentibus
765 1674 856 1728 defixa
871 1692 927 1729 non
945 1674 1014 1730 ima·

159 1759 238 1832 gines
248 1777 340 1814 rerum
354 1759 484 1829 captabat
495 1777 502 1829 ;
523 1765 553 1813 ut
565 1761 659 1814 reverit
671 1760 816 1815 hominnm
828 1761 972 1832 ingenium
984 1762 1014 1816 iu

159 1847 299 1917 mysteriis
309 1845 528 1917 contemplandis
541 1847 593 1901 sibi
605 1847 658 1917 ipsi
669 1847 821 1903 diffidebat.

197 1932 264 1985 Jam
284 1933 314 1986 in
335 1933 423 2003 ipsam
445 1932 550 1984 νεκύων
568 1935 721 2000 veniamus,
743 1934 845 1988 moenia
866 1933 1014 2006 Cyclopea,

162 2024 276 2071 arcuata
299 2019 425 2086 claustra,
450 2021 566 2076 solidam
589 2027 617 2075 et
640 2038 727 2091 prope
753 2027 885 2075 aetemam
912 2021 1015 2075 molem

164 2103 259 2156 animo
271 2121 463 2175 proponamus.

202 2189 404 2246 Constituamus
411 2199 474 2247 ante
482 2192 575 2247 oculos
582 2191 1015 2264 imaginesLucumbnum,longo

163 2275 260 2330 ordine
277 2276 428 2348 dispositus,
450 2295 569 2350 quornm
588 2278 679 2349 capita
699 2279 805 2333 coronis
824 2278 913 2332 aureis
933 2279 1015 2333 deco·

162 2369 268 2433 rantur,
289 2381 388 2419 manus
409 2382 504 2420 arcum
523 2371 551 2418 et
570 2365 685 2437 sagittas
705 2371 819 2436 tenent3
842 2364 923 2419 busta
940 2382 1016 2420 mar·

162 2464 255 2504 morea
266 2455 294 2504 et
305 2450 334 2504 in
346 2451 514 2522 templorum
530 2450 648 2505 formam
660 2457 817 2521 exstructa;
837 2451 939 2517 omnia,
952 2467 1014 2522 quae

160 2537 331 2592 domicilium
351 2545 532 2602 mortuorum,
553 2537 583 2591 in
603 2555 658 2608 quo
674 2538 785 2592 dulcem
802 2538 888 2591 animi
904 2538 1016 2607 capiant

160 2625 291 2694 quietem,
311 2623 478 2694 exprimant.
516 2623 654 2678 Abhorret
676 2625 780 2694 quippe
800 2623 958 2695 longissime
979 2624 1015 2677 ab

161 2710 342 2764 Etruscorum
357 2709 502 2781 relligione
516 2726 590 2763 vana
605 2709 654 2763 illa
669 2716 698 2764 et
709 2709 866 2778 illaetabilis‚
885 2726 969 2780 qnam
986 2710 1015 2763 in

92 2802 95 2809 '
161 2795 286 2868 Odysset
296 2795 425 2866 reperias,
435 2793 605 2849 Umbrarum
617 2795 711 2866 notio;
731 2812 781 2850 nec
790 2794 843 2849 fuit
855 2795 924 2849 illud
938 2793 1016 2865 quasi

159 2899 258 2953 corpus
278 2889 327 2936 aut
347 2881 425 2952 quasi
441 2881 561 2953 sanguis,
575 2887 605 2935 at
623 2881 742 2936 solidum
760 2881 893 2952 quiddam
910 2886 938 2934 et
952 2878 1015 2934 verb

159 2969 314 3022 humanum
332 2966 464 3038 spirabat.
500 2967 600 3022 *Hinc
618 2967 686 3021 ritus
707 2968 814 3022 funerei
833 2973 861 3021 et
880 2967 1013 3038 exequiae,

159 3055 236 3110 illinc
265 3055 429 3108 saltatorum
466 3059 544 3108 amnt
572 3054 812 3125 gladiatorumque
847 3052 1012 3124 spectacula.

454 3245 465 3268 ·
482 3231 707 3286 uindicaturum.

171 3418 997 3598 mmcnmmmnnt
