2656 3992
310 453 410 500 artesa
425 445 568 516 relligione
584 444 712 499 foventur
728 443 957 514 suscitanturque,
970 445 1030 498 hoeo
1043 461 1108 498 vero
1125 446 1163 500 ab

310 533 364 587 illis
377 540 492 586 ornatur
505 539 588 602 atque
601 531 762 586 illustratur.
791 531 889 602 Itaque
900 531 989 586 varias
1003 531 1164 602 reipublicae

311 621 488 686 mutationes,
510 619 601 676 cultbs
624 618 741 684 Etrusci,
764 618 849 672 etiam
873 617 1054 688 philosophias
1078 623 1164 688 atque

311 714 473 762 mercaturae
482 704 683 760 vicissitudines
694 722 729 757 ex
741 703 928 760 monumentis
940 703 1004 758 licet
1012 703 1163 774 explicare.

311 793 352 846 Ut
367 810 434 846 vero
454 792 530 862 apud
549 792 670 856 Graecos,
687 791 725 845 sic
741 792 826 846 etiam
843 790 963 844 Etruriae
980 791 1034 844 fuit
1053 798 1166 861 tempus

310 879 430 948 aliquod,
444 896 499 949 quo
511 878 656 950 ingenium
669 877 760 950 gentis
771 878 842 932 vires
858 877 1030 948 explicuerit,
1043 885 1071 931 et
1083 880 1166 948 quasi

310 965 410 1020 amotis
430 965 547 1019 vinculis
566 965 682 1035 coeperit
701 964 852 1019 luxuriare.
890 964 955 1017 Jam
975 964 1051 1017 rudis
1067 965 1116 1018 illa
1135 973 1166 1020 et

312 1051 398 1122 prope
413 1058 566 1105 monstrosa
584 1050 703 1104 hominis
721 1050 812 1122 figura
828 1051 857 1104 in
875 1050 1026 1120 spirantem
1042 1049 1165 1122 effigiem

310 1144 436 1208 mutata5
465 1137 633 1192 lineamenta
656 1137 719 1205 oris,
744 1137 905 1207 compositio
925 1137 1029 1205 vultis,
1053 1137 1166 1192 habitus

312 1225 510 1290 membrorum,
520 1224 588 1278 adeo
598 1223 734 1294 exquisite
743 1223 843 1290 efficta,
853 1231 885 1277 ut
894 1241 957 1277 cum
967 1222 1072 1277 Graecis
1079 1223 1166 1278 etiam

311 1313 448 1360 certarent
457 1305 652 1361 monumentis.
689 1307 792 1360 Vereor
803 1305 867 1360 saud
880 1323 914 1359 ne
926 1323 943 1358 a
954 1306 1094 1375 proposito
1109 1305 1166 1362 fine

310 1395 406 1448 videar
418 1394 554 1456 deerrare,
566 1393 613 1446 sed
629 1410 693 1446 cum
708 1393 796 1446 omnis
815 1391 871 1446 fere
885 1398 978 1446 nostra
992 1391 1026 1446 da
1041 1392 1166 1447 moribus

311 1481 491 1534 Etruscorum
508 1479 608 1533 notitia
623 1479 652 1532 in
667 1479 800 1549 relliquiis
819 1480 893 1534 hisce
909 1477 1092 1544 contineatur,
1105 1480 1167 1534 eni-

311 1566 428 1621 tendum
452 1572 485 1619 ut
508 1564 598 1618 varias
618 1565 719 1618 artium
740 1566 907 1620 mutationes
928 1564 973 1618 vel
996 1565 1031 1618 ab
1058 1565 1167 1638 origine

312 1652 402 1722 gentis
415 1651 568 1706 accuratius
581 1651 749 1706 evolvamus.

347 1738 454 1800 Quibus
464 1738 550 1809 igitur
561 1737 650 1791 modis
662 1737 690 1791 in
704 1737 829 1792 Deorum
842 1737 948 1791 cultum
963 1749 1035 1792 artes
1049 1736 1168 1792 adhibe·

310 1832 401 1890 antur,
415 1841 497 1877 nemo
512 1824 630 1894 ignorat,
646 1841 735 1894 neque
752 1824 809 1877 ulla
825 1842 892 1894 gens
909 1831 950 1878 eat
965 1831 1024 1878 tam
1038 1823 1166 1895 barbara,

309 1928 371 1980 quse
387 1927 442 1964 uon
459 1910 581 1980 aliquam
600 1909 664 1964 sane
678 1910 803 1965 Deorum
819 1910 937 1981 liguram
958 1911 1051 1964 animo
1067 1927 1167 1965 conce·

309 1996 390 2067 perit.
419 1998 489 2058 Quoe
502 1988 615 2068 quidem
623 1996 713 2069 figura
722 1997 792 2051 nihil
800 1997 875 2051 aliud
889 2004 930 2051 est
939 2015 1023 2069 quem
1032 1998 1165 2066 humana,

309 2100 395 2152 quam
403 2100 453 2153 pro
463 2083 540 2137 rarii
552 2083 643 2156 gentis
655 2084 748 2138 indole
757 2084 900 2153 aeneam,
912 2084 969 2138 sive
981 2085 1016 2138 ad
1029 2084 1096 2152 vim,
1107 2084 1167 2140 sive

309 2169 480 2223 ferocitatem
496 2171 717 2240 exprimendam,
733 2171 878 2240 sculptoris
893 2188 936 2224 ara
953 2177 1002 2224 aut
1017 2170 1046 2223 in
1059 2170 1167 2241 perfee-

310 2263 368 2308 tarn
379 2256 496 2310 hominis
509 2255 630 2328 effigiem
643 2256 842 2325 informaverit,
854 2263 901 2311 aut
914 2257 1087 2311 deformitate
1096 2258 1165 2327 quii-

310 2343 376 2396 dam
388 2343 417 2396 in
430 2349 584 2396 monstrum
596 2343 750 2397 detorserit.
784 2343 860 2397 Hinc
872 2360 967 2398 omnes
978 2343 1166 2398 humanorum

309 2428 466 2483 animorum
484 2427 599 2483 affectus
615 2430 817 2484 transferuntur
833 2430 863 2482 in
880 2430 992 2500 Deum3
1014 2429 1079 2484 binc
1098 2429 1166 2484 boni

311 2515 431 2586 malique
449 2515 619 2581 similitud03
641 2516 782 2570 celestium
798 2516 1022 2587 infernorumque
1039 2516 1166 2570 Deorum

310 2601 443 2673 imagines
456 2602 484 2655 in
494 2602 648 2673 perietibus
655 2604 828 2673 sculpuntur.
860 2602 929 2665 Quls
941 2602 1015 2655 enim
1026 2601 1167 2658 dubitaret

310 2688 472 2741 animalium
492 2689 603 2744 illorum
626 2696 763 2759 portenta,
786 2689 815 2742 iu
837 2705 931 2742 rerum
951 2688 1051 2742 naturis
1074 2689 1166 2758 expli-

310 2775 398 2828 candis
410 2775 469 2827 vim
481 2775 621 2845 quandam
633 2775 760 2829 habuisse
773 2782 802 2830 et
813 2775 973 2829 notionem?
1012 2775 1087 2836 Quid
1099 2792 1166 2830 vero

309 2860 453 2915 hominum
475 2868 580 2914 mentes
601 2861 636 2914 ad
657 2862 782 2915 Deorum
803 2861 986 2916 reverentiam
1008 2867 1036 2915 et
1057 2867 1165 2916 metum

308 2947 401 3016 potius
409 2947 562 3018 impelleret
571 2965 655 3018 quam
668 2948 815 3020 magnifica
824 2948 872 3002 illa
881 2948 1051 3018 templorum
1059 2948 1165 3002 moles?

309 3033 451 3103 inquibus
467 3051 523 3087 non
540 3034 676 3104 exquisita
690 3035 756 3088 artis
773 3035 919 3102 subtilitas,
934 3035 981 3088 sed
998 3033 1074 3087 rudis
1087 3051 1165 3103 quae-

310 3119 375 3173 dam
396 3120 568 3191 simplexque
587 3121 714 3192 majestas
733 3127 803 3174 esset
823 3119 994 3175 admiranda.
1033 3120 1096 3173 Mos
1116 3119 1166 3175 ille

310 3203 364 3258 suit
378 3222 466 3258 sacres
483 3206 555 3260 aedes
570 3224 584 3259 e
597 3224 664 3261 saxo
676 3206 811 3278 quadrato
821 3206 984 3272 aedificandi,
998 3223 1059 3276 quae
1074 3205 1166 3276 primii
