2656 3992
141 483 217 538 enirn
242 479 471 554 magnificentius,
499 497 582 551 quam
613 479 742 536 informes
765 497 857 534 rerum
882 481 994 536 umbras

141 587 228 641 prope
240 571 275 626 ab
284 568 420 624 infinitate
433 574 573 638 repetem
592 566 738 637 paullatim
748 567 838 622 acrius
849 566 993 632 intuendo,

142 656 232 728 magis
243 655 386 727 magisque
400 653 604 723 discriminare;
624 671 687 724 quae
699 653 785 708 dubia
798 653 917 722 firmare,
931 671 993 723 qum

139 760 235 814 sparsa
253 742 392 814 colligere,
404 757 467 811 quse
483 739 643 811 imperfecta
657 741 796 810 supplere,
814 739 882 794 dum
899 740 994 794 omnia

140 830 193 884 rite
213 829 279 884 locis
299 829 354 882 suis
376 827 485 882 reddita
503 827 619 881 solidam
644 834 673 880 et
695 844 852 898 expressam
874 826 994 882 civitatis

139 915 263 986 effigiem
274 921 339 970 ante
350 913 442 969 oculos
454 920 620 984 proponant.

180 1002 218 1056 Et
228 1020 292 1058 oum
302 1001 422 1073 origines
433 1001 615 1070 proximaque
627 999 789 1070 originibus,
798 998 993 1053 recentioribus

140 1087 194 1144 illis
214 1095 348 1160 tanquam
365 1105 381 1142 e
397 1087 549 1158 longinquo
565 1085 657 1140 lucem
672 1088 796 1152 afferant,
812 1086 903 1156 prima
915 1085 993 1139 nobis

139 1175 194 1228 erit
208 1174 396 1246 investigatio,
407 1173 482 1226 unde
494 1178 554 1226 orta
568 1172 604 1226 sit
619 1189 687 1242 gens
701 1172 827 1236 Etrusca,
838 1189 923 1242 quarn
941 1172 991 1224 ha·

140 1261 233 1314 buerit
243 1277 308 1314 cum
322 1259 420 1314 vicinis
431 1258 633 1328 cognationem.
671 1258 772 1313 Gravis
787 1257 853 1312 sune
866 1257 992 1328 questio,

140 1363 204 1417 qum
216 1363 266 1400 nec
277 1344 391 1400 omnino
403 1343 563 1410 omittenda,
577 1361 627 1398 nec
637 1344 719 1398 altius
734 1345 931 1415 perscrutanda
942 1351 992 1397 est

141 1432 183 1486 Ut
191 1432 267 1486 enim
279 1430 387 1503 physici
394 1437 435 1486 est
446 1447 489 1484 res
501 1430 589 1502 magis
600 1432 682 1501 ipsas,
693 1447 778 1501 quam
784 1430 888 1500 primas
900 1447 992 1484 rerum

139 1534 236 1572 causas
245 1519 396 1586 ostendere,
406 1517 446 1571 sic
458 1517 618 1572 historicum
628 1534 685 1572 non
696 1518 816 1590 origines
828 1517 992 1586 remmpub-

139 1604 256 1659 licamm
263 1604 410 1675 explicare,
423 1607 520 1659 verum
528 1603 617 1674 prisci
623 1605 684 1675 jam
696 1604 992 1676 obscuritateevolutas

138 1691 266 1764 excipere
274 1691 368 1756 deoet;
381 1690 559 1744 maturiorem
566 1707 667 1760 nempe
671 1692 761 1762 gentis
768 1697 889 1756 aetatem,
898 1690 992 1760 legum

137 1785 167 1834 et
186 1795 296 1832 morum
314 1777 490 1844 mutationes,
509 1794 672 1848 magnorum
689 1777 811 1831 virorum
828 1776 948 1848 ingenia,
964 1783 994 1830 et

137 1865 217 1936 quasi
229 1863 325 1919 adulta
336 1863 455 1918 civitatis
466 1863 565 1918 robora
576 1863 768 1934 contemplari.

174 1950 193 2004 J
195 1967 240 2003 am
248 1951 377 2004 Etruscos
389 1949 504 2020 eLydid
513 1949 631 2004 derivari
640 1949 768 2004 universa
778 1967 864 2020 prope
872 1948 992 2020 antiqui-

139 2037 205 2090 tatis
216 2035 367 2102 consensio,
379 2035 444 2089 inde
458 2052 543 2105 usque
555 2035 592 2090 ab
605 2035 743 2090 Herodoti
751 2036 923 2106 temporibus
935 2042 990 2090 tes-

139 2121 262 2174 timoniis
274 2121 339 2174 satis
350 2121 451 2192 amplis
462 2120 615 2175 confirmat.
639 2121 695 2183 Qui
707 2121 820 2192 quidem
831 2140 849 2176 a
858 2121 992 2176 Romanis

141 2208 284 2272 Etruscis
296 2207 402 2262 Graecis
411 2207 534 2279 Tyrreni,
543 2225 560 2260 a
572 2225 599 2262 se
612 2207 676 2278 ipsis
685 2225 750 2261 vero
758 2209 991 2278 Rasennaappel·

138 2295 197 2361 lati,
210 2301 260 2349 aut
273 2293 418 2366 Pelasgica
436 2311 504 2365 gens
519 2293 604 2360 fuere,
619 2300 667 2347 aut
686 2293 758 2348 certe
774 2311 838 2349 cum
857 2293 990 2365 Pelasgis,

136 2381 259 2452 quitum
275 2398 308 2435 ea
324 2381 458 2434 tenebant
472 2381 541 2450 loca,
556 2381 750 2452 cognationem
768 2381 890 2450 aliquam
905 2381 990 2434 habe·

137 2469 215 2522 bant.
254 2467 358 2522 'Vetus
369 2465 444 2521 fama
455 2466 561 2522 ferebat
576 2467 696 2521 advenas
708 2467 843 2537 quosdam
861 2467 895 2520 nd
908 2467 990 2519 meri-

137 2553 276 2608 dionalem
295 2553 415 2608 Etruria
431 2553 566 2624 angulum
585 2553 734 2624 appulisse,
756 2553 856 2607 exinde
879 2552 992 2607 Umbris

137 2641 259 2710 expulsis
279 2639 425 2712 oceup'dsse
444 2640 559 2694 urbibus
581 2639 717 2694 duodenis
741 2645 837 2705 terras,
856 2639 933 2710 prius
953 2637 991 2692 cis

137 2726 317 2797 Apenninum
334 2727 369 2782 ad
382 2726 502 2780 inferum
514 2743 599 2792 mere,
612 2733 708 2796 postea
724 2732 800 2780 trsns
811 2725 990 2795 Apenninum

138 2812 264 2877 totidem,
288 2819 356 2883 quot
379 2813 471 2884 capita
494 2813 607 2886 originis
631 2819 730 2880 essent,
755 2812 868 2867 coloniis
891 2812 990 2877 missis,

136 2915 239 2953 novam
254 2898 464 2954 multitudinem
479 2917 565 2971 usque
582 2900 617 2954 cd
629 2900 715 2970 Alpes
728 2903 914 2970 promanasse.
952 2899 991 2951 At

136 2991 205 3040 teste
224 2984 368 3057 Dionysio,
385 2985 478 3056 Lydos
498 2987 576 3040 nulla
593 3003 716 3057 unquam
736 2985 879 3038 navalium
898 3001 990 3037 rerum

134 3072 223 3144 gloria
229 3071 403 3144 insignibat3
421 3079 450 3127 at
461 3072 546 3126 iidem
558 3073 665 3144 lingue,
675 3072 796 3126 moribus
809 3077 837 3126 et
848 3068 990 3150 institutis,
