2656 3992
164 171 987 340 centumcentur

149 410 271 480 habitus,
290 410 387 467 eedem
403 409 569 466 vestimentu
587 427 649 480 qum
670 407 699 461 in
715 406 822 479 Oenopi
839 424 1004 463 monumen·

151 499 187 553 tis
206 499 389 570 reperiuntur.
427 497 542 552 Accedit
565 513 598 551 eo
621 495 698 566 quod
723 496 753 550 in
770 494 877 549 duobus
896 495 1006 566 populis

150 602 236 656 penes
247 601 349 656 paucos
358 583 477 640 civitatis
487 589 558 637 esset
569 581 780 648 administratio,
790 581 919 652 idemque
928 581 1005 647 ordo,

150 671 200 740 qui
223 671 327 742 populo
348 675 487 742 praeesset,
509 668 661 724 sacerdotio
687 669 809 738 quodem
834 667 1004 738 fungeretur.

151 756 207 811 Sed
221 757 313 811 utillo
326 757 467 828 superiore
479 755 619 810 maritimo
632 754 814 809 Etruscorum
825 753 942 823 imperio
953 752 1004 806 tri·

149 843 262 899 buende
278 853 350 909 sunt,
362 845 418 914 qui,
436 861 499 898 cum
511 847 676 896 mercatores
693 849 789 908 essent,
807 846 879 892 ortes
895 839 1007 893 Graecos

151 935 235 999 atque
253 929 432 1002 AEgyptiecas
450 929 540 999 primo
552 927 695 992 inferrent,
708 932 772 996 post
784 925 868 979 etism
881 925 933 995 ipsi
943 924 1006 978 imi-

151 1021 292 1086 tarentur3
311 1016 350 1070 sic
360 1016 419 1071 haec
430 1015 591 1086 posteriora,
604 1030 660 1066 non
672 1012 755 1065 unius
766 1012 864 1083 populi
875 1017 924 1065 eut
935 1017 1007 1064 tem-

151 1102 226 1173 poris
245 1101 331 1170 fuere,
353 1102 401 1156 sed
423 1101 547 1155 omnium
568 1105 683 1153 aetetum
703 1104 731 1152 et
748 1097 861 1152 orientis
878 1096 1008 1151 universi.

153 1188 251 1258 Neque
264 1205 330 1243 vero
342 1205 384 1256 ee,
398 1204 460 1257 quee
474 1185 509 1238 de
522 1185 647 1256 AEgypto
659 1184 798 1250 dicuntur,
811 1190 860 1237 aut
871 1183 1008 1237 affirmare

153 1282 202 1327 aut
210 1273 335 1327 refellere
342 1273 372 1326 in
383 1272 477 1326 animo
487 1277 543 1324 est:
562 1271 654 1340 potius
662 1269 755 1324 omnic
762 1270 907 1340 complecti
916 1269 1009 1337 velim,

153 1375 237 1430 quem
249 1359 279 1411 in
291 1359 348 1412 und
360 1357 481 1427 quddam
494 1363 573 1427 perte
589 1355 770 1425 defendendi,
783 1356 915 1410 minutias
925 1356 1008 1410 nimis

155 1444 296 1498 subtiliter
308 1443 431 1514 exsequi.

190 1531 300 1584 *Tertia
312 1536 397 1584 restet
409 1529 502 1600 opinio
514 1546 618 1596 eorum,
631 1529 679 1600 qui
686 1528 821 1600 Tyrrenos
834 1529 869 1582 eb
879 1529 1008 1584 Etrusco-

154 1635 217 1672 rum
240 1618 352 1672 nomine
373 1622 513 1686 seperatus
531 1633 595 1669 eum
620 1615 746 1686 Pelasgis
771 1616 872 1671 arctius
894 1616 1007 1670 socient.

155 1705 335 1758 Etruscorum
356 1711 450 1758 tamen
471 1709 600 1773 parentes
620 1702 734 1756 Rhaetos
755 1719 812 1756 esse
834 1702 933 1757 volunt
952 1701 1010 1773 qui,

154 1808 218 1846 cum
238 1809 273 1845 ex
290 1791 409 1861 Alpibus
422 1789 533 1844 demissi
547 1789 659 1859 inopem
675 1795 703 1842 et
715 1789 854 1859 jacentem
873 1788 1008 1860 populum

154 1878 318 1944 obruissent,
330 1876 457 1948 linguam
476 1893 566 1930 mores
581 1882 610 1930 et
625 1874 753 1928 institute
768 1875 885 1930 victores
901 1874 1009 1928 evictis

155 1963 319 2034 acceperint.
351 1963 449 2028 Testis,
457 1968 489 2016 ut
501 1962 589 2027 aiunt,
600 1961 695 2015 Livius
705 1961 826 2031 quicum
834 1961 948 2015 Rhaetos
959 1978 1009 2031 po-

155 2050 211 2101 tius
221 2049 255 2102 eb
264 2048 396 2116 Etruscis,
407 2048 516 2102 Gallico
525 2047 648 2100 tumultu
661 2048 690 2100 in
702 2054 810 2102 montes
820 2047 916 2118 pulsis,
925 2065 1009 2118 quem

157 2133 807 2202 EtruscoseRhcetisderivaret,inerroremeum
815 2133 940 2188 incidisse
949 2151 1009 2188 me·

157 2220 288 2274 nifestum
302 2227 424 2292 arguunt
431 2242 438 2285 ;
458 2221 536 2291 quasi
548 2221 661 2274 demum
672 2221 820 2275 verisimile
833 2227 903 2275 esset
915 2221 1011 2275 Etrus-

156 2324 200 2362 cos
208 2307 268 2378 jem
280 2306 391 2361 luxurie
403 2313 554 2374 enervatos,
564 2312 676 2378 gentem
689 2307 766 2360 illam
779 2325 794 2361 o
808 2307 949 2361 montibus
962 2325 1010 2363 ex·

155 2394 268 2464 pulisse,
282 2410 399 2464 quorum
406 2392 574 2464 propinquos
588 2394 723 2448 moenibus
733 2394 799 2448 tecti
808 2394 941 2448 sustinere
954 2411 1010 2448 non

156 2486 293 2550 poterant.
322 2480 430 2535 Eodem
442 2481 530 2551 igitur
538 2481 630 2549 modo,
644 2497 699 2550 quo
712 2498 728 2534 e
742 2480 851 2536 Graecid
863 2486 927 2534 ante
941 2480 1012 2535 Hel-

156 2567 243 2636 lenes,
256 2567 294 2621 sie
306 2567 342 2621 eb
353 2567 437 2621 italie
446 2567 539 2620 Rhaeti
553 2567 685 2639 Pelasgos
693 2567 876 2637 pepulerunt:
895 2572 1011 2638 uterque

157 2654 277 2725 populus
293 2652 377 2707 armis
393 2670 478 2724 quem
495 2653 599 2706 artibus
614 2652 779 2723 praeclerior,
799 2670 861 2706 cum
881 2652 1012 2724 Pelasgos

157 2740 259 2810 partim
271 2740 420 2812 ejecissent,
430 2740 534 2811 purtim
544 2739 575 2791 in
588 2739 749 2793 servitutem
762 2738 938 2811 redegissent,
948 2756 1011 2810 pos·

158 2834 247 2880 tremo
265 2844 328 2880 eum
348 2824 427 2880 victis
447 2825 624 2881 coalescebat.
662 2825 760 2878 Fuerit
782 2825 876 2894 ulique
899 2824 1012 2878 fortusse

157 2914 277 2967 ducrum
298 2912 424 2984 gentium
441 2917 601 2982 pervetusto
619 2910 792 2982 conjunctior
817 2909 947 2965 credibile
971 2918 1013 2964 est

159 2999 273 3054 Rhoetos
287 2997 365 3069 ecqud
377 3015 408 3052 ac
423 2999 564 3065 Hellenas,
581 3015 616 3051 ex
630 2997 774 3070 Pelasgico
791 2995 866 3049 fonte
881 3003 962 3065 ortos,
979 2997 1011 3051 in

409 3190 419 3214 ⁸⁸
434 3189 461 3229 V.
474 3188 538 3229 Nieb.
551 3185 714 3240 Vol.l.p.107.
729 3187 748 3236 t.

166 3414 718 3530 t'eeeeeseoeseueeeeee
802 3444 827 3521 ι’
860 3454 976 3537 cese
