2656 3992
343 186 1178 298 .fflffiffifflffifflffifflfflfflufflffiffl

355 286 1178 369 ‘trtiffrltu‘ltffut‘tllff‘ttlttiutt

350 484 476 537 demersa
492 486 520 535 et
532 479 664 550 dissipata
682 478 773 547 luisse,
791 483 824 531 ut
839 477 868 530 in
883 477 980 531 Ramae
997 475 1112 544 excidio,
1127 480 1155 528 et
1171 475 1201 528 in

349 571 528 624 barbarorum
547 566 663 634 diluvio,
684 583 719 619 ne
739 571 806 619 nota
824 563 936 635 quidem
957 562 1100 616 emineret.
1138 561 1203 615 Non

348 655 573 710 enimeivitatum
580 649 1204 724 interitus,legesatinatitutaoeeident,verum

349 743 405 796 ulia
417 743 453 795 ab
466 731 526 794 aliis
538 756 611 793 nexa
623 739 780 808 oeterutqua
792 737 863 792 serie
878 737 1038 793 continuata
1050 742 1123 790 sunt.
1162 736 1206 789 Ut

349 829 423 882 enim
432 827 521 881 multa
532 827 567 880 ab
577 825 690 880 Etruria
698 826 733 879 ad
742 826 881 878 Romanoa
890 823 1037 877 defluxisse
1045 823 1204 892 putandum

349 919 399 982 est,
414 913 452 967 sie
468 913 600 983 pleraque
611 919 640 966 et
653 911 723 982 juris
740 911 836 979 civilis,
850 917 879 964 et
892 909 1026 964 libertatis
1041 908 1169 962 institute
1186 926 1205 962 a

350 999 483 1054 Romanis
494 999 530 1054 ad
540 1006 661 1054 nostram
669 1015 778 1070 quoque
786 1003 899 1051 aetatem
909 997 1089 1050 devenerunt.
1119 995 1202 1057 Quod

350 1087 372 1138 si
396 1085 494 1158 lingua
515 1086 640 1154 Etrusca,
662 1102 725 1156 quae
748 1102 799 1154 per
821 1090 863 1137 tut
886 1083 994 1152 seacula,
1018 1088 1151 1151 tanquam
1173 1081 1204 1134 iu

350 1180 523 1227 mortuorum
535 1172 676 1227 domicilio
687 1170 835 1239 delituerit,
849 1171 952 1224 iterum
967 1169 995 1222 in
1009 1167 1101 1222 lucem
1113 1184 1204 1222 emer·

348 1267 434 1331 geret,
453 1268 571 1329 quantoe
584 1276 677 1312 rerum
695 1258 786 1312 aditus
803 1253 978 1327 patefaceret,
990 1271 1053 1325 quae
1068 1254 1205 1308 miracula

350 1345 487 1409 historiae3
507 1351 575 1416 quot
584 1352 679 1416 gentes
688 1346 798 1399 obrutas
811 1351 893 1415 atque
905 1344 1023 1415 ignotas,
1037 1358 1155 1412 quorum
1167 1359 1205 1394 ne

349 1432 462 1486 nomina
473 1433 587 1502 quidem
605 1431 772 1498 audivimus,
790 1431 929 1485 advitam
944 1431 1104 1483 revocaret?
1141 1427 1206 1481 Erit

348 1520 424 1572 euim
440 1518 589 1588 aliquando
600 1524 710 1588 tempus
725 1518 805 1582 illud,
820 1535 892 1587 cum,
908 1522 941 1570 ut
957 1520 1043 1569 strata
1058 1522 1149 1579 terrae,
1165 1515 1206 1568 aie

348 1603 493 1658 hominum
508 1605 610 1676 linguae
627 1605 707 1658 certis
723 1604 788 1658 louis
804 1604 985 1674 aetatibusque
1002 1603 1203 1673 disponantur:

348 1696 381 1745 ut
394 1691 504 1762 genitae,
517 1698 550 1745 ut
561 1709 693 1746 eonnexae
706 1692 778 1745 inter
790 1709 828 1761 se,
841 1691 959 1762 aliaeque
975 1692 1011 1744 ab
1028 1689 1142 1759 aliisque
1160 1695 1205 1742 at·
1311 1743 1312 1762 χ

347 1775 431 1845 tritae,
445 1777 546 1832 arctius
558 1777 676 1832 latiusve
688 1777 888 1833 contineantur.
973 1829 974 1833 ,

365 3535 540 3620 utana
598 3446 1194 3619 iuieiaiioauffiuamaailiiiiliaiiiii
