2656 3992
354 156 1211 337 sumsaastrumque—¹

344 504 379 557 ab
392 501 515 556 Etruscis
528 499 687 572 longissime
697 500 917 571 abhorruemnt3
936 502 996 572 ipsa
1007 501 1127 574 denique
1142 501 1200 556 mi·

344 588 434 660 gratio
446 606 464 642 a
472 587 585 641 Xantho
597 585 727 641 historico
736 586 878 658 Lydorum
886 587 1077 658 antiquissimo
1087 587 1200 642 silentio

342 673 528 746 praetermissa
539 680 589 727 ert.
609 671 728 727 Minime
739 679 834 728 tamen
846 675 988 745 explorare
1000 675 1094 738 velim,
1103 692 1200 730 annon

345 761 430 815 dubie
449 760 577 831 quaedam
590 759 805 813 similitudinum
816 760 932 832 vestigia
950 762 1034 816 etiam
1046 762 1076 815 in
1088 761 1121 815 iis
1133 777 1199 830 quae

344 852 492 916 supersunt
498 845 686 900 monumentis
693 845 924 916 deprehendenda
936 847 1004 902 sint:
1018 853 1098 916 †tum
1106 847 1200 901 multo

344 934 437 987 minus
450 932 534 986 Caras
547 949 583 986 an
596 932 688 1004 Lydos
699 931 759 985 haee
770 931 830 1001 ipsa
844 931 937 986 fabule
949 934 1085 1004 respiciat.
1119 933 1201 986 Nun·

344 1037 428 1091 quam
447 1019 522 1072 enim
539 1019 589 1072 illa
606 1017 749 1072 vetustatis
768 1017 843 1071 fama
858 1017 912 1072 loci
929 1024 979 1072 eut
997 1019 1129 1090 temporis
1145 1036 1198 1072 an-

343 1106 440 1178 gustiis
452 1104 608 1159 definienda
621 1109 671 1172 est,
684 1121 782 1157 verum
794 1103 876 1176 longe
888 1103 996 1174 lateque
1010 1106 1106 1178 vagari
1118 1106 1198 1160 solet.

343 1193 416 1247 Satis
425 1192 499 1245 enim
508 1196 624 1256 constat,
635 1190 705 1243 nihil
713 1189 789 1244 aliud
800 1189 829 1242 in
839 1191 932 1243 animo
944 1190 1071 1244 habuisse
1078 1196 1197 1260 veteres,

343 1279 396 1332 nisi
417 1279 452 1332 ab
468 1278 572 1332 oriente
584 1277 714 1330 Etruscos
729 1276 864 1340 derivari;
884 1294 918 1330 ex
934 1275 977 1329 his
997 1276 1119 1332 fontibus
1131 1295 1198 1348 pro-

342 1364 454 1418 fluxisse
478 1363 579 1417 artium
608 1363 734 1435 gloriam,
761 1362 881 1416 civitatis
911 1362 1055 1434 instituta;
1084 1381 1198 1418 omnem

341 1451 419 1505 illam
435 1451 620 1504 humanarum
638 1449 849 1520 divinarumque
863 1465 955 1503 rerum
967 1449 1119 1516 seientiam,
1132 1467 1198 1521 quae

344 1538 442 1592 Graeco
454 1537 625 1606 Etruscaque
641 1535 747 1589 nemini
762 1552 882 1605 perenne
897 1536 1095 1607 propriumque
1112 1537 1197 1591 deeus

342 1623 512 1677 indiderunt.
549 1622 567 1675 J
570 1639 624 1690 arn,
642 1622 716 1692 quod
734 1622 869 1676 coloniam
887 1621 965 1675 illem
981 1623 1133 1694 Lydorum,
1148 1622 1198 1676 alii

343 1710 378 1764 ad
397 1710 551 1781 Tyrsenum
571 1707 698 1763 Herculis
712 1708 811 1773 filium,
830 1708 877 1761 alii
894 1725 969 1762 more
982 1709 1143 1765 Graeeorum
1160 1711 1196 1764 ad

342 1796 496 1866 Telephum
512 1801 541 1848 et
558 1794 668 1866 Trojani
689 1795 756 1849 belli
778 1801 904 1864 tempora
925 1795 1091 1862 referebant,
1109 1798 1139 1851 in
1162 1816 1196 1853 eo

342 1883 519 1954 perspicuum
535 1888 577 1936 est
590 1881 763 1952 Pelesgieam
776 1882 955 1936 Etruseorum
973 1882 1088 1954 stirpem
1101 1884 1195 1956 desig-

343 1969 419 2023 nari:
450 1969 489 2022 sie
511 1967 580 2022 duas
603 1973 698 2040 gentes
719 1968 916 2022 diversissimas
937 1969 1115 2041 maximeque
1136 1971 1194 2025 dis-

338 2057 459 2126 junctas,
471 2054 585 2108 eoloniae
596 2053 706 2108 vinculo
720 2059 853 2125 tanquam
866 2059 932 2110 nott
945 2056 1115 2128 cognationis
1128 2075 1195 2112 eon·

342 2141 477 2195 tinebant.

378 2227 474 2282 *Sunt
486 2232 580 2281 autem
591 2226 639 2296 qni
652 2226 735 2280 aliam
748 2227 862 2298 ingressi
874 2228 958 2295 viam,
974 2246 1022 2283 eur
1034 2230 1068 2283 ab
1082 2230 1197 2301 Egypto

342 2315 490 2383 venissent,
500 2313 662 2385 gravissima
670 2312 813 2383 proferunt
824 2321 1005 2385 argumente;
1026 2315 1074 2386 qui
1086 2332 1142 2369 non
1150 2315 1195 2368 in-

343 2407 446 2454 eertam
459 2399 637 2469 antiquorum
649 2398 733 2452 fidem
744 2399 877 2469 respicere
889 2401 936 2454 sed
947 2401 1020 2471 ipsas
1028 2417 1197 2456 monumen-

343 2493 435 2540 torum
447 2485 587 2556 relliquias
597 2485 683 2539 oeulis
690 2485 791 2556 jubent
804 2489 977 2556 persemtari.
1015 2487 1106 2549 Quem
1119 2486 1195 2540 enim

343 2573 374 2627 in
396 2573 501 2639 statuis,
518 2572 548 2625 in
570 2571 668 2627 eloaeis
687 2573 814 2638 arcuatis,
835 2574 862 2626 in
881 2573 998 2627 mirifice
1016 2573 1196 2628 aedifieiomm

320 2689 324 2694 ·
343 2660 416 2714 mole
429 2659 575 2730 Egyptum
587 2675 644 2713 non
656 2661 823 2730 agnoscere?
841 2658 870 2711 in
883 2659 1032 2729 sepulchris
1044 2666 1137 2714 eutem
1149 2661 1197 2714 vel

343 2745 475 2811 maxime,
493 2745 592 2816 quibus
607 2745 701 2800 omnia
717 2752 850 2815 tanquam
867 2761 968 2799 areana
985 2745 1103 2800 fideliter
1118 2763 1196 2800 eom-

344 2833 436 2900 missa,
445 2850 506 2903 quae
519 2833 588 2886 ritus
595 2831 731 2901 funereos,
740 2831 908 2902 quaefiguras
917 2831 1055 2900 biformes,
1063 2833 1196 2903 pleraque

345 2925 374 2973 et
391 2919 491 2972 futurae
504 2919 568 2973 vitae
586 2925 615 2973 et
629 2919 763 2988 presentis
779 2919 911 2990 mysteria
930 2921 959 2972 in
978 2920 1127 2990 parietibus
1142 2919 1195 2974 ha-

345 3005 429 3058 beant
448 3021 583 3075 expressa.
621 3005 727 3058 Eodem
747 3004 849 3074 ubique
870 2995 989 3060 hominis
1010 3006 1101 3077 faeies,
1118 3005 1196 3061 idem

529 3202 538 3238 t
553 3194 579 3234 V.
592 3194 668 3235 Micali
679 3193 753 3236 storia
761 3195 821 3235 della
830 3192 883 3235 Ant.
893 3195 946 3248 Pop.
957 3195 1008 3237 Ital.

533 3271 545 3294 *
561 3269 588 3309 V.
600 3269 682 3312 Herod.
694 3270 776 3311 Baehr.
788 3269 870 3313 Exeur.
883 3271 919 3311 ad.
930 3269 948 3310 1.
962 3275 994 3310 94.

340 3417 1163 3603 maommamm
