<?xml version="1.0" encoding="UTF-8"?>
<!DOCTYPE html PUBLIC "-//W3C//DTD XHTML 1.0 Transitional//EN"
    "http://www.w3.org/TR/xhtml1/DTD/xhtml1-transitional.dtd">
<html xmlns="http://www.w3.org/1999/xhtml" xml:lang="en" lang="en">
 <head>
  <title>
</title>
<meta http-equiv="Content-Type" content="text/html;charset=utf-8" />
  <meta name='ocr-system' content='tesseract 3.04.00' />
  <meta name='ocr-capabilities' content='ocr_page ocr_carea ocr_par ocr_line ocrx_word'/>
</head>
<body>
  <div class='ocr_page' id='page_1' title='image "./deetruscorumcul00jowegoog_0032.png"; bbox 0 0 2656 3992; ppageno 0'>
   <div class='ocr_carea' id='block_1_1' title="bbox 281 269 902 345">
    <p class='ocr_par' dir='ltr' id='par_1_1' title="bbox 281 269 902 345">
     <span class='ocr_line' id='line_1_1' title="bbox 600 269 671 286; baseline 0 0"><span class='ocrx_word' id='word_1_1' title='bbox 600 269 609 286; x_wconf 67' lang='lat' dir='ltr'>e</span> <span class='ocrx_word' id='word_1_2' title='bbox 662 269 671 286; x_wconf 71' lang='lat' dir='ltr'>e</span> 
     </span>
     <span class='ocr_line' id='line_1_2' title="bbox 281 305 902 345; baseline -0.008 -12"><span class='ocrx_word' id='word_1_3' title='bbox 281 307 297 344; x_wconf 76' lang='grc' dir='ltr'><strong>ρ</strong></span> <span class='ocrx_word' id='word_1_4' title='bbox 405 306 422 336; x_wconf 68' lang='grc' dir='ltr'>ρ</span> <span class='ocrx_word' id='word_1_5' title='bbox 468 307 484 332; x_wconf 70' lang='lat' dir='ltr'>o</span> <span class='ocrx_word' id='word_1_6' title='bbox 512 307 546 331; x_wconf 69' lang='grc' dir='ltr'>Μ</span> <span class='ocrx_word' id='word_1_7' title='bbox 573 306 609 332; x_wconf 73' lang='grc' dir='ltr'><em>Μ</em></span> <span class='ocrx_word' id='word_1_8' title='bbox 655 306 671 345; x_wconf 70' lang='grc' dir='ltr'><em>ρ</em></span> <span class='ocrx_word' id='word_1_9' title='bbox 761 305 777 330; x_wconf 74' lang='lat' dir='ltr'>n</span> <span class='ocrx_word' id='word_1_10' title='bbox 824 305 838 330; x_wconf 68' lang='lat' dir='ltr'>o</span> <span class='ocrx_word' id='word_1_11' title='bbox 886 305 902 328; x_wconf 74' lang='lat' dir='ltr'>n</span> 
     </span>
    </p>
   </div>
   <div class='ocr_carea' id='block_1_2' title="bbox 95 478 958 3319">
    <p class='ocr_par' dir='ltr' id='par_1_2' title="bbox 95 478 958 3236">
     <span class='ocr_line' id='line_1_3' title="bbox 98 478 951 544; baseline -0.002 -8"><span class='ocrx_word' id='word_1_12' title='bbox 98 481 219 536; x_wconf 84' lang='lat' dir='ltr'>Romani</span> <span class='ocrx_word' id='word_1_13' title='bbox 235 480 433 544; x_wconf 72' lang='lat' dir='ltr'><strong>adhibuissent,</strong></span> <span class='ocrx_word' id='word_1_14' title='bbox 446 478 495 534; x_wconf 88' lang='lat' dir='ltr'>vix</span> <span class='ocrx_word' id='word_1_15' title='bbox 511 478 628 533; x_wconf 92' lang='lat' dir='ltr'>dubium</span> <span class='ocrx_word' id='word_1_16' title='bbox 640 483 710 533; x_wconf 87' lang='lat' dir='ltr'>esset</span> <span class='ocrx_word' id='word_1_17' title='bbox 723 478 951 534; x_wconf 81' lang='lat' dir='ltr'>Decemvirorum</span> 
     </span>
     <span class='ocr_line' id='line_1_4' title="bbox 98 565 952 640; baseline -0.001 -18"><span class='ocrx_word' id='word_1_18' title='bbox 98 569 174 640; x_wconf 89' lang='lat' dir='ltr'>leges</span> <span class='ocrx_word' id='word_1_19' title='bbox 199 585 235 622; x_wconf 87' lang='lat' dir='ltr'>ex</span> <span class='ocrx_word' id='word_1_20' title='bbox 262 567 315 621; x_wconf 77' lang='lat' dir='ltr'>hac</span> <span class='ocrx_word' id='word_1_21' title='bbox 336 566 442 637; x_wconf 88' lang='lat' dir='ltr'>origine</span> <span class='ocrx_word' id='word_1_22' title='bbox 464 565 573 620; x_wconf 83' lang='lat' dir='ltr'>deduci.</span> <span class='ocrx_word' id='word_1_23' title='bbox 613 566 683 628; x_wconf 74' lang='lat' dir='ltr'>Quae</span> <span class='ocrx_word' id='word_1_24' title='bbox 706 567 818 636; x_wconf 89' lang='lat' dir='ltr'>quidem</span> <span class='ocrx_word' id='word_1_25' title='bbox 842 567 952 638; x_wconf 85' lang='lat' dir='ltr'>penitus</span> 
     </span>
     <span class='ocr_line' id='line_1_5' title="bbox 97 652 951 726; baseline -0.001 -17"><span class='ocrx_word' id='word_1_26' title='bbox 97 657 166 709; x_wconf 92' lang='lat' dir='ltr'>duos</span> <span class='ocrx_word' id='word_1_27' title='bbox 185 654 296 708; x_wconf 81' lang='lat' dir='ltr'>ordines</span> <span class='ocrx_word' id='word_1_28' title='bbox 315 653 486 723; x_wconf 81' lang='lat' dir='ltr'>separtrunt‚</span> <span class='ocrx_word' id='word_1_29' title='bbox 506 658 534 706; x_wconf 92' lang='lat' dir='ltr'>et</span> <span class='ocrx_word' id='word_1_30' title='bbox 550 652 667 707; x_wconf 81' lang='lat' dir='ltr'>Etrusco</span> <span class='ocrx_word' id='word_1_31' title='bbox 685 670 770 718; x_wconf 89' lang='lat' dir='ltr'>more,</span> <span class='ocrx_word' id='word_1_32' title='bbox 787 670 843 707; x_wconf 91' lang='lat' dir='ltr'>non</span> <span class='ocrx_word' id='word_1_33' title='bbox 862 655 951 726; x_wconf 86' lang='lat' dir='ltr'>gradu</span> 
     </span>
     <span class='ocr_line' id='line_1_6' title="bbox 97 738 952 811; baseline -0.002 -15"><span class='ocrx_word' id='word_1_34' title='bbox 97 743 197 807; x_wconf 91' lang='lat' dir='ltr'>solum,</span> <span class='ocrx_word' id='word_1_35' title='bbox 221 742 270 794; x_wconf 86' lang='lat' dir='ltr'>sed</span> <span class='ocrx_word' id='word_1_36' title='bbox 294 755 395 811; x_wconf 82' lang='lat' dir='ltr'>genere</span> <span class='ocrx_word' id='word_1_37' title='bbox 419 745 478 792; x_wconf 83' lang='lat' dir='ltr'>toto</span> <span class='ocrx_word' id='word_1_38' title='bbox 501 738 695 803; x_wconf 84' lang='lat' dir='ltr'>distinxerunt,</span> <span class='ocrx_word' id='word_1_39' title='bbox 718 756 782 793; x_wconf 93' lang='lat' dir='ltr'>cum</span> <span class='ocrx_word' id='word_1_40' title='bbox 805 740 952 810; x_wconf 76' lang='lat' dir='ltr'>profanum</span> 
     </span>
     <span class='ocr_line' id='line_1_7' title="bbox 97 825 953 895; baseline -0.004 -12"><span class='ocrx_word' id='word_1_41' title='bbox 97 833 168 884; x_wconf 87' lang='lat' dir='ltr'>esset</span> <span class='ocrx_word' id='word_1_42' title='bbox 184 825 349 881; x_wconf 82' lang='lat' dir='ltr'>admistione</span> <span class='ocrx_word' id='word_1_43' title='bbox 367 825 455 895; x_wconf 90' lang='lat' dir='ltr'>plebis</span> <span class='ocrx_word' id='word_1_44' title='bbox 468 825 593 880; x_wconf 84' lang='lat' dir='ltr'><strong>Deorum</strong></span> <span class='ocrx_word' id='word_1_45' title='bbox 610 825 678 879; x_wconf 88' lang='lat' dir='ltr'>ritus</span> <span class='ocrx_word' id='word_1_46' title='bbox 694 827 814 890; x_wconf 87' lang='lat' dir='ltr'>turbare,</span> <span class='ocrx_word' id='word_1_47' title='bbox 832 845 883 882; x_wconf 88' lang='lat' dir='ltr'>nec</span> <span class='ocrx_word' id='word_1_48' title='bbox 900 827 953 881; x_wconf 90' lang='lat' dir='ltr'>nisi</span> 
     </span>
     <span class='ocr_line' id='line_1_8' title="bbox 99 911 951 986; baseline -0.002 -17"><span class='ocrx_word' id='word_1_49' title='bbox 99 913 274 986; x_wconf 87' lang='lat' dir='ltr'>magistratui</span> <span class='ocrx_word' id='word_1_50' title='bbox 289 911 387 983; x_wconf 84' lang='lat' dir='ltr'>majori</span> <span class='ocrx_word' id='word_1_51' title='bbox 399 911 520 982; x_wconf 80' lang='lat' dir='ltr'>auspicia</span> <span class='ocrx_word' id='word_1_52' title='bbox 536 911 759 966; x_wconf 82' lang='lat' dir='ltr'>concederentur.</span> <span class='ocrx_word' id='word_1_53' title='bbox 798 913 911 967; x_wconf 77' lang='lat' dir='ltr'>Etenim</span> <span class='ocrx_word' id='word_1_54' title='bbox 923 915 951 967; x_wconf 90' lang='lat' dir='ltr'>in</span> 
     </span>
     <span class='ocr_line' id='line_1_9' title="bbox 99 997 952 1068; baseline -0.001 -12"><span class='ocrx_word' id='word_1_55' title='bbox 99 1008 191 1056; x_wconf 84' lang='lat' dir='ltr'>vetere</span> <span class='ocrx_word' id='word_1_56' title='bbox 211 999 264 1054; x_wconf 82' lang='lat' dir='ltr'>istt</span> <span class='ocrx_word' id='word_1_57' title='bbox 283 999 472 1053; x_wconf 85' lang='lat' dir='ltr'>Romanorum</span> <span class='ocrx_word' id='word_1_58' title='bbox 490 998 641 1068; x_wconf 66' lang='lat' dir='ltr'>republicae,</span> <span class='ocrx_word' id='word_1_59' title='bbox 660 997 806 1052; x_wconf 88' lang='lat' dir='ltr'>flaminum</span> <span class='ocrx_word' id='word_1_60' title='bbox 827 1001 952 1055; x_wconf 81' lang='lat' dir='ltr'>secerdo-</span> 
     </span>
     <span class='ocr_line' id='line_1_10' title="bbox 98 1084 952 1158; baseline 0.001 -16"><span class='ocrx_word' id='word_1_61' title='bbox 98 1095 215 1158; x_wconf 86' lang='lat' dir='ltr'>tumque</span> <span class='ocrx_word' id='word_1_62' title='bbox 234 1085 350 1157; x_wconf 89' lang='lat' dir='ltr'>collegia</span> <span class='ocrx_word' id='word_1_63' title='bbox 370 1101 426 1138; x_wconf 90' lang='lat' dir='ltr'>non</span> <span class='ocrx_word' id='word_1_64' title='bbox 446 1084 528 1138; x_wconf 91' lang='lat' dir='ltr'>modo</span> <span class='ocrx_word' id='word_1_65' title='bbox 548 1101 612 1138; x_wconf 88' lang='lat' dir='ltr'>cum</span> <span class='ocrx_word' id='word_1_66' title='bbox 630 1085 756 1139; x_wconf 83' lang='lat' dir='ltr'>Patriciis</span> <span class='ocrx_word' id='word_1_67' title='bbox 773 1093 848 1140; x_wconf 85' lang='lat' dir='ltr'>arcte</span> <span class='ocrx_word' id='word_1_68' title='bbox 863 1087 952 1143; x_wconf 81' lang='lat' dir='ltr'>cohoe·</span> 
     </span>
     <span class='ocr_line' id='line_1_11' title="bbox 98 1169 951 1241; baseline -0.001 -13"><span class='ocrx_word' id='word_1_69' title='bbox 98 1175 208 1238; x_wconf 81' lang='lat' dir='ltr'>rebant,</span> <span class='ocrx_word' id='word_1_70' title='bbox 225 1189 323 1226; x_wconf 87' lang='lat' dir='ltr'>verum</span> <span class='ocrx_word' id='word_1_71' title='bbox 338 1169 391 1241; x_wconf 90' lang='lat' dir='ltr'>ipsi</span> <span class='ocrx_word' id='word_1_72' title='bbox 405 1170 489 1241; x_wconf 75' lang='lat' dir='ltr'>poeni</span> <span class='ocrx_word' id='word_1_73' title='bbox 510 1171 539 1224; x_wconf 94' lang='lat' dir='ltr'>in</span> <span class='ocrx_word' id='word_1_74' title='bbox 558 1171 673 1225; x_wconf 89' lang='lat' dir='ltr'>tertium</span> <span class='ocrx_word' id='word_1_75' title='bbox 692 1171 810 1226; x_wconf 85' lang='lat' dir='ltr'>civitatis</span> <span class='ocrx_word' id='word_1_76' title='bbox 827 1174 951 1228; x_wconf 88' lang='lat' dir='ltr'>ordinem</span> 
     </span>
     <span class='ocr_line' id='line_1_12' title="bbox 97 1257 954 1330; baseline 0.001 -16"><span class='ocrx_word' id='word_1_77' title='bbox 97 1258 231 1330; x_wconf 82' lang='lat' dir='ltr'>descripti</span> <span class='ocrx_word' id='word_1_78' title='bbox 243 1264 317 1312; x_wconf 92' lang='lat' dir='ltr'>sunt.</span> <span class='ocrx_word' id='word_1_79' title='bbox 347 1257 416 1311; x_wconf 80' lang='lat' dir='ltr'>Erat</span> <span class='ocrx_word' id='word_1_80' title='bbox 426 1257 575 1328; x_wconf 79' lang='lat' dir='ltr'>aliquando</span> <span class='ocrx_word' id='word_1_81' title='bbox 587 1257 660 1312; x_wconf 75' lang='lat' dir='ltr'>certe</span> <span class='ocrx_word' id='word_1_82' title='bbox 673 1265 791 1329; x_wconf 88' lang='lat' dir='ltr'>tempus,</span> <span class='ocrx_word' id='word_1_83' title='bbox 803 1277 867 1314; x_wconf 91' lang='lat' dir='ltr'>curn</span> <span class='ocrx_word' id='word_1_84' title='bbox 879 1261 954 1315; x_wconf 86' lang='lat' dir='ltr'>Deos</span> 
     </span>
     <span class='ocr_line' id='line_1_13' title="bbox 95 1347 953 1418; baseline -0.002 -12"><span class='ocrx_word' id='word_1_85' title='bbox 95 1367 163 1406; x_wconf 90' lang='lat' dir='ltr'>cum</span> <span class='ocrx_word' id='word_1_86' title='bbox 171 1347 446 1416; x_wconf 84' lang='lat' dir='ltr'>hominibusversuri‚</span> <span class='ocrx_word' id='word_1_87' title='bbox 455 1364 518 1402; x_wconf 88' lang='lat' dir='ltr'>oum</span> <span class='ocrx_word' id='word_1_88' title='bbox 527 1347 630 1414; x_wconf 85' lang='lat' dir='ltr'>omina,</span> <span class='ocrx_word' id='word_1_89' title='bbox 640 1365 703 1402; x_wconf 88' lang='lat' dir='ltr'>cum</span> <span class='ocrx_word' id='word_1_90' title='bbox 710 1355 838 1418; x_wconf 86' lang='lat' dir='ltr'>portenta</span> <span class='ocrx_word' id='word_1_91' title='bbox 847 1351 953 1404; x_wconf 89' lang='lat' dir='ltr'>ostendi</span> 
     </span>
     <span class='ocr_line' id='line_1_14' title="bbox 95 1433 953 1506; baseline 0 -15"><span class='ocrx_word' id='word_1_92' title='bbox 95 1437 224 1492; x_wconf 88' lang='lat' dir='ltr'>erederet</span> <span class='ocrx_word' id='word_1_93' title='bbox 245 1433 364 1504; x_wconf 84' lang='lat' dir='ltr'>simplex</span> <span class='ocrx_word' id='word_1_94' title='bbox 385 1439 413 1487; x_wconf 89' lang='lat' dir='ltr'>et</span> <span class='ocrx_word' id='word_1_95' title='bbox 434 1439 541 1504; x_wconf 80' lang='lat' dir='ltr'>agreste</span> <span class='ocrx_word' id='word_1_96' title='bbox 563 1452 665 1506; x_wconf 88' lang='lat' dir='ltr'>genus:</span> <span class='ocrx_word' id='word_1_97' title='bbox 693 1435 811 1489; x_wconf 84' lang='lat' dir='ltr'>necdum</span> <span class='ocrx_word' id='word_1_98' title='bbox 829 1453 871 1502; x_wconf 88' lang='lat' dir='ltr'>ea,</span> <span class='ocrx_word' id='word_1_99' title='bbox 891 1453 953 1506; x_wconf 82' lang='lat' dir='ltr'>quer</span> 
     </span>
     <span class='ocr_line' id='line_1_15' title="bbox 96 1520 953 1595; baseline 0 -18"><span class='ocrx_word' id='word_1_100' title='bbox 96 1529 196 1595; x_wconf 87' lang='lat' dir='ltr'>postea</span> <span class='ocrx_word' id='word_1_101' title='bbox 207 1527 320 1594; x_wconf 80' lang='lat' dir='ltr'>gentem</span> <span class='ocrx_word' id='word_1_102' title='bbox 332 1520 486 1591; x_wconf 88' lang='lat' dir='ltr'>occupavit,</span> <span class='ocrx_word' id='word_1_103' title='bbox 498 1521 669 1593; x_wconf 85' lang='lat' dir='ltr'>negligentia</span> <span class='ocrx_word' id='word_1_104' title='bbox 686 1521 811 1575; x_wconf 90' lang='lat' dir='ltr'>Deorum</span> <span class='ocrx_word' id='word_1_105' title='bbox 822 1524 953 1577; x_wconf 86' lang='lat' dir='ltr'>saeculum</span> 
     </span>
     <span class='ocr_line' id='line_1_16' title="bbox 97 1605 955 1664; baseline 0 -1"><span class='ocrx_word' id='word_1_106' title='bbox 97 1615 237 1663; x_wconf 91' lang='lat' dir='ltr'>tenuerat.</span> <span class='ocrx_word' id='word_1_107' title='bbox 275 1607 344 1661; x_wconf 83' lang='lat' dir='ltr'>Post</span> <span class='ocrx_word' id='word_1_108' title='bbox 361 1606 476 1662; x_wconf 87' lang='lat' dir='ltr'>scientia</span> <span class='ocrx_word' id='word_1_109' title='bbox 496 1623 560 1660; x_wconf 89' lang='lat' dir='ltr'>cum</span> <span class='ocrx_word' id='word_1_110' title='bbox 578 1623 629 1660; x_wconf 90' lang='lat' dir='ltr'>usu</span> <span class='ocrx_word' id='word_1_111' title='bbox 647 1607 784 1662; x_wconf 84' lang='lat' dir='ltr'>obsoleta:</span> <span class='ocrx_word' id='word_1_112' title='bbox 805 1605 955 1664; x_wconf 82' lang='lat' dir='ltr'>manebant</span> 
     </span>
     <span class='ocr_line' id='line_1_17' title="bbox 99 1691 953 1764; baseline 0.001 -16"><span class='ocrx_word' id='word_1_113' title='bbox 99 1694 268 1748; x_wconf 78' lang='lat' dir='ltr'>simulachra</span> <span class='ocrx_word' id='word_1_114' title='bbox 279 1694 407 1763; x_wconf 84' lang='lat' dir='ltr'>quaedam</span> <span class='ocrx_word' id='word_1_115' title='bbox 420 1691 614 1762; x_wconf 85' lang='lat' dir='ltr'>auspiciorum,</span> <span class='ocrx_word' id='word_1_116' title='bbox 627 1693 748 1764; x_wconf 87' lang='lat' dir='ltr'>auspicia</span> <span class='ocrx_word' id='word_1_117' title='bbox 764 1694 841 1749; x_wconf 94' lang='lat' dir='ltr'>nullo</span> <span class='ocrx_word' id='word_1_118' title='bbox 854 1696 953 1750; x_wconf 85' lang='lat' dir='ltr'>modo:</span> 
     </span>
     <span class='ocr_line' id='line_1_18' title="bbox 100 1777 954 1850; baseline 0.005 -18"><span class='ocrx_word' id='word_1_119' title='bbox 100 1781 156 1850; x_wconf 91' lang='lat' dir='ltr'>ipsi</span> <span class='ocrx_word' id='word_1_120' title='bbox 174 1796 292 1850; x_wconf 89' lang='lat' dir='ltr'>quoque,</span> <span class='ocrx_word' id='word_1_121' title='bbox 305 1786 337 1834; x_wconf 94' lang='lat' dir='ltr'>ut</span> <span class='ocrx_word' id='word_1_122' title='bbox 353 1779 431 1845; x_wconf 90' lang='lat' dir='ltr'>solet,</span> <span class='ocrx_word' id='word_1_123' title='bbox 448 1777 477 1830; x_wconf 92' lang='lat' dir='ltr'>in</span> <span class='ocrx_word' id='word_1_124' title='bbox 493 1785 577 1849; x_wconf 85' lang='lat' dir='ltr'>geute</span> <span class='ocrx_word' id='word_1_125' title='bbox 591 1795 608 1832; x_wconf 98' lang='lat' dir='ltr'>a</span> <span class='ocrx_word' id='word_1_126' title='bbox 620 1778 745 1834; x_wconf 86' lang='lat' dir='ltr'>Deorum</span> <span class='ocrx_word' id='word_1_127' title='bbox 761 1780 837 1835; x_wconf 88' lang='lat' dir='ltr'>cultu</span> <span class='ocrx_word' id='word_1_128' title='bbox 849 1783 954 1846; x_wconf 80' lang='lat' dir='ltr'>aversi,</span> 
     </span>
     <span class='ocr_line' id='line_1_19' title="bbox 102 1865 956 1937; baseline 0.002 -17"><span class='ocrx_word' id='word_1_129' title='bbox 102 1866 245 1937; x_wconf 82' lang='lat' dir='ltr'>pontifices</span> <span class='ocrx_word' id='word_1_130' title='bbox 261 1866 417 1920; x_wconf 87' lang='lat' dir='ltr'>elevabant.</span> <span class='ocrx_word' id='word_1_131' title='bbox 456 1865 496 1918; x_wconf 94' lang='lat' dir='ltr'>Ut</span> <span class='ocrx_word' id='word_1_132' title='bbox 508 1882 574 1919; x_wconf 89' lang='lat' dir='ltr'>vero</span> <span class='ocrx_word' id='word_1_133' title='bbox 591 1867 627 1920; x_wconf 87' lang='lat' dir='ltr'>ab</span> <span class='ocrx_word' id='word_1_134' title='bbox 642 1866 763 1920; x_wconf 85' lang='lat' dir='ltr'>Etruscis</span> <span class='ocrx_word' id='word_1_135' title='bbox 776 1866 860 1922; x_wconf 87' lang='lat' dir='ltr'>insita</span> <span class='ocrx_word' id='word_1_136' title='bbox 878 1875 956 1922; x_wconf 89' lang='lat' dir='ltr'>erant</span> 
     </span>
     <span class='ocr_line' id='line_1_20' title="bbox 102 1949 954 2022; baseline 0.002 -16"><span class='ocrx_word' id='word_1_137' title='bbox 102 1953 237 2007; x_wconf 84' lang='lat' dir='ltr'>Romauae</span> <span class='ocrx_word' id='word_1_138' title='bbox 246 1951 373 2021; x_wconf 86' lang='lat' dir='ltr'>civitatis,</span> <span class='ocrx_word' id='word_1_139' title='bbox 385 1968 416 2006; x_wconf 88' lang='lat' dir='ltr'>ac</span> <span class='ocrx_word' id='word_1_140' title='bbox 424 1950 506 2022; x_wconf 77' lang='lat' dir='ltr'>poeni</span> <span class='ocrx_word' id='word_1_141' title='bbox 514 1951 604 2005; x_wconf 91' lang='lat' dir='ltr'>omnis</span> <span class='ocrx_word' id='word_1_142' title='bbox 614 1951 759 2020; x_wconf 84' lang='lat' dir='ltr'>societatis,</span> <span class='ocrx_word' id='word_1_143' title='bbox 765 1949 954 2022; x_wconf 83' lang='lat' dir='ltr'>fundamenta,</span> 
     </span>
     <span class='ocr_line' id='line_1_21' title="bbox 101 2038 957 2110; baseline 0.004 -17"><span class='ocrx_word' id='word_1_144' title='bbox 101 2042 141 2094; x_wconf 88' lang='lat' dir='ltr'>sic</span> <span class='ocrx_word' id='word_1_145' title='bbox 166 2056 208 2108; x_wconf 83' lang='lat' dir='ltr'>eu,</span> <span class='ocrx_word' id='word_1_146' title='bbox 230 2057 294 2093; x_wconf 87' lang='lat' dir='ltr'>curn</span> <span class='ocrx_word' id='word_1_147' title='bbox 319 2057 336 2093; x_wconf 86' lang='lat' dir='ltr'>a</span> <span class='ocrx_word' id='word_1_148' title='bbox 354 2045 526 2110; x_wconf 90' lang='lat' dir='ltr'>posterorum</span> <span class='ocrx_word' id='word_1_149' title='bbox 547 2038 659 2092; x_wconf 85' lang='lat' dir='ltr'>levitate</span> <span class='ocrx_word' id='word_1_150' title='bbox 684 2038 798 2108; x_wconf 76' lang='lat' dir='ltr'>disJecta</span> <span class='ocrx_word' id='word_1_151' title='bbox 818 2049 907 2094; x_wconf 88' lang='lat' dir='ltr'>essent</span> <span class='ocrx_word' id='word_1_152' title='bbox 928 2049 957 2096; x_wconf 89' lang='lat' dir='ltr'>et</span> 
     </span>
     <span class='ocr_line' id='line_1_22' title="bbox 101 2124 955 2196; baseline 0.002 -16"><span class='ocrx_word' id='word_1_153' title='bbox 101 2126 226 2180; x_wconf 71' lang='lat' dir='ltr'>Asiatici</span> <span class='ocrx_word' id='word_1_154' title='bbox 239 2125 430 2195; x_wconf 88' lang='lat' dir='ltr'>superstitione</span> <span class='ocrx_word' id='word_1_155' title='bbox 442 2131 631 2194; x_wconf 88' lang='lat' dir='ltr'>conspurcata,</span> <span class='ocrx_word' id='word_1_156' title='bbox 640 2129 699 2178; x_wconf 86' lang='lat' dir='ltr'>tota</span> <span class='ocrx_word' id='word_1_157' title='bbox 707 2124 784 2194; x_wconf 84' lang='lat' dir='ltr'>quusi</span> <span class='ocrx_word' id='word_1_158' title='bbox 796 2125 955 2196; x_wconf 85' lang='lat' dir='ltr'>reipublicae</span> 
     </span>
     <span class='ocr_line' id='line_1_23' title="bbox 101 2211 957 2284; baseline 0 -17"><span class='ocrx_word' id='word_1_159' title='bbox 101 2213 215 2282; x_wconf 86' lang='lat' dir='ltr'>fabrica,</span> <span class='ocrx_word' id='word_1_160' title='bbox 224 2213 338 2284; x_wconf 88' lang='lat' dir='ltr'>disjecto</span> <span class='ocrx_word' id='word_1_161' title='bbox 348 2213 466 2281; x_wconf 87' lang='lat' dir='ltr'>cardine,</span> <span class='ocrx_word' id='word_1_162' title='bbox 480 2211 645 2266; x_wconf 82' lang='lat' dir='ltr'>labefactata</span> <span class='ocrx_word' id='word_1_163' title='bbox 654 2217 704 2264; x_wconf 87' lang='lat' dir='ltr'>est.</span> <span class='ocrx_word' id='word_1_164' title='bbox 735 2211 957 2283; x_wconf 83' lang='lat' dir='ltr'>Jampopulares</span> 
     </span>
     <span class='ocr_line' id='line_1_24' title="bbox 102 2297 955 2370; baseline 0.001 -18"><span class='ocrx_word' id='word_1_165' title='bbox 102 2301 179 2354; x_wconf 93' lang='lat' dir='ltr'>Deos</span> <span class='ocrx_word' id='word_1_166' title='bbox 197 2300 298 2354; x_wconf 88' lang='lat' dir='ltr'>multos</span> <span class='ocrx_word' id='word_1_167' title='bbox 314 2298 482 2370; x_wconf 88' lang='lat' dir='ltr'>rejiciebant,</span> <span class='ocrx_word' id='word_1_168' title='bbox 501 2315 588 2352; x_wconf 92' lang='lat' dir='ltr'>unum</span> <span class='ocrx_word' id='word_1_169' title='bbox 607 2297 702 2352; x_wconf 77' lang='lat' dir='ltr'>reveri</span> <span class='ocrx_word' id='word_1_170' title='bbox 718 2297 820 2366; x_wconf 90' lang='lat' dir='ltr'>Deum,</span> <span class='ocrx_word' id='word_1_171' title='bbox 837 2298 955 2370; x_wconf 86' lang='lat' dir='ltr'>imperu-</span> 
     </span>
     <span class='ocr_line' id='line_1_25' title="bbox 102 2385 958 2456; baseline -0.001 -15"><span class='ocrx_word' id='word_1_172' title='bbox 102 2395 191 2442; x_wconf 88' lang='lat' dir='ltr'>torem</span> <span class='ocrx_word' id='word_1_173' title='bbox 216 2386 308 2456; x_wconf 91' lang='lat' dir='ltr'>ipsum</span> <span class='ocrx_word' id='word_1_174' title='bbox 331 2386 408 2440; x_wconf 84' lang='lat' dir='ltr'>crdtu</span> <span class='ocrx_word' id='word_1_175' title='bbox 430 2385 524 2439; x_wconf 85' lang='lat' dir='ltr'>divino</span> <span class='ocrx_word' id='word_1_176' title='bbox 547 2385 708 2439; x_wconf 87' lang='lat' dir='ltr'>adorabant.</span> <span class='ocrx_word' id='word_1_177' title='bbox 748 2385 846 2440; x_wconf 91' lang='lat' dir='ltr'>Potuit</span> <span class='ocrx_word' id='word_1_178' title='bbox 867 2385 958 2456; x_wconf 89' lang='lat' dir='ltr'>primo</span> 
     </span>
     <span class='ocr_line' id='line_1_26' title="bbox 101 2470 958 2544; baseline -0.001 -18"><span class='ocrx_word' id='word_1_179' title='bbox 101 2473 216 2544; x_wconf 90' lang='lat' dir='ltr'>quidem</span> <span class='ocrx_word' id='word_1_180' title='bbox 226 2471 359 2542; x_wconf 90' lang='lat' dir='ltr'>ejusmodi</span> <span class='ocrx_word' id='word_1_181' title='bbox 368 2470 475 2542; x_wconf 88' lang='lat' dir='ltr'>relligio</span> <span class='ocrx_word' id='word_1_182' title='bbox 487 2470 725 2543; x_wconf 89' lang='lat' dir='ltr'>ingravescentem</span> <span class='ocrx_word' id='word_1_183' title='bbox 736 2471 847 2542; x_wconf 90' lang='lat' dir='ltr'>imperii</span> <span class='ocrx_word' id='word_1_184' title='bbox 856 2472 958 2526; x_wconf 90' lang='lat' dir='ltr'>molem</span> 
     </span>
     <span class='ocr_line' id='line_1_27' title="bbox 101 2556 958 2631; baseline -0.002 -17"><span class='ocrx_word' id='word_1_185' title='bbox 101 2559 193 2631; x_wconf 87' lang='lat' dir='ltr'>specie</span> <span class='ocrx_word' id='word_1_186' title='bbox 205 2558 362 2613; x_wconf 88' lang='lat' dir='ltr'>continere:</span> <span class='ocrx_word' id='word_1_187' title='bbox 382 2557 527 2626; x_wconf 87' lang='lat' dir='ltr'>paullatim</span> <span class='ocrx_word' id='word_1_188' title='bbox 544 2558 690 2630; x_wconf 88' lang='lat' dir='ltr'>ingruente</span> <span class='ocrx_word' id='word_1_189' title='bbox 707 2556 827 2626; x_wconf 81' lang='lat' dir='ltr'>luxuria,</span> <span class='ocrx_word' id='word_1_190' title='bbox 841 2557 958 2630; x_wconf 89' lang='lat' dir='ltr'>singulis</span> 
     </span>
     <span class='ocr_line' id='line_1_28' title="bbox 101 2643 957 2715; baseline -0.001 -15"><span class='ocrx_word' id='word_1_191' title='bbox 101 2646 233 2700; x_wconf 89' lang='lat' dir='ltr'>membris</span> <span class='ocrx_word' id='word_1_192' title='bbox 245 2645 318 2699; x_wconf 92' lang='lat' dir='ltr'>utin</span> <span class='ocrx_word' id='word_1_193' title='bbox 330 2643 453 2697; x_wconf 89' lang='lat' dir='ltr'>exanimi</span> <span class='ocrx_word' id='word_1_194' title='bbox 465 2660 587 2714; x_wconf 90' lang='lat' dir='ltr'>corpore,</span> <span class='ocrx_word' id='word_1_195' title='bbox 600 2644 690 2715; x_wconf 89' lang='lat' dir='ltr'>potius</span> <span class='ocrx_word' id='word_1_196' title='bbox 703 2644 859 2714; x_wconf 88' lang='lat' dir='ltr'>compositis</span> <span class='ocrx_word' id='word_1_197' title='bbox 873 2662 957 2715; x_wconf 89' lang='lat' dir='ltr'>quam</span> 
     </span>
     <span class='ocr_line' id='line_1_29' title="bbox 101 2729 957 2804; baseline -0.005 -16"><span class='ocrx_word' id='word_1_198' title='bbox 101 2732 248 2804; x_wconf 77' lang='lat' dir='ltr'>colligetis,</span> <span class='ocrx_word' id='word_1_199' title='bbox 257 2731 335 2785; x_wconf 85' lang='lat' dir='ltr'>nulla</span> <span class='ocrx_word' id='word_1_200' title='bbox 346 2729 401 2786; x_wconf 85' lang='lat' dir='ltr'>fuit</span> <span class='ocrx_word' id='word_1_201' title='bbox 411 2735 489 2784; x_wconf 87' lang='lat' dir='ltr'>tanta</span> <span class='ocrx_word' id='word_1_202' title='bbox 502 2731 543 2784; x_wconf 89' lang='lat' dir='ltr'>vis</span> <span class='ocrx_word' id='word_1_203' title='bbox 551 2748 612 2800; x_wconf 78' lang='lat' dir='ltr'>qua</span> <span class='ocrx_word' id='word_1_204' title='bbox 624 2731 744 2785; x_wconf 87' lang='lat' dir='ltr'>lacerum</span> <span class='ocrx_word' id='word_1_205' title='bbox 754 2737 782 2785; x_wconf 91' lang='lat' dir='ltr'>et</span> <span class='ocrx_word' id='word_1_206' title='bbox 794 2730 957 2785; x_wconf 89' lang='lat' dir='ltr'>dissolutum</span> 
     </span>
     <span class='ocr_line' id='line_1_30' title="bbox 101 2817 958 2888; baseline -0.002 -14"><span class='ocrx_word' id='word_1_207' title='bbox 101 2819 222 2874; x_wconf 82' lang='lat' dir='ltr'>cadaver</span> <span class='ocrx_word' id='word_1_208' title='bbox 239 2817 384 2882; x_wconf 86' lang='lat' dir='ltr'>animaret,</span> <span class='ocrx_word' id='word_1_209' title='bbox 403 2834 465 2885; x_wconf 80' lang='lat' dir='ltr'>quae</span> <span class='ocrx_word' id='word_1_210' title='bbox 485 2823 533 2870; x_wconf 88' lang='lat' dir='ltr'>aut</span> <span class='ocrx_word' id='word_1_211' title='bbox 552 2823 680 2872; x_wconf 86' lang='lat' dir='ltr'>externos</span> <span class='ocrx_word' id='word_1_212' title='bbox 697 2817 818 2871; x_wconf 87' lang='lat' dir='ltr'>hostiurn</span> <span class='ocrx_word' id='word_1_213' title='bbox 838 2817 958 2888; x_wconf 89' lang='lat' dir='ltr'>impetus</span> 
     </span>
     <span class='ocr_line' id='line_1_31' title="bbox 103 2901 957 2978; baseline -0.004 -17"><span class='ocrx_word' id='word_1_214' title='bbox 103 2905 267 2978; x_wconf 88' lang='lat' dir='ltr'>profligaret</span> <span class='ocrx_word' id='word_1_215' title='bbox 281 2909 329 2957; x_wconf 92' lang='lat' dir='ltr'>aut</span> <span class='ocrx_word' id='word_1_216' title='bbox 343 2901 408 2956; x_wconf 88' lang='lat' dir='ltr'>fidei</span> <span class='ocrx_word' id='word_1_217' title='bbox 423 2902 586 2957; x_wconf 75' lang='lat' dir='ltr'>Christianae</span> <span class='ocrx_word' id='word_1_218' title='bbox 600 2903 744 2958; x_wconf 86' lang='lat' dir='ltr'>resisteret.</span> <span class='ocrx_word' id='word_1_219' title='bbox 776 2902 840 2958; x_wconf 82' lang='lat' dir='ltr'>Und</span> <span class='ocrx_word' id='word_1_220' title='bbox 855 2903 957 2958; x_wconf 87' lang='lat' dir='ltr'>artium</span> 
     </span>
     <span class='ocr_line' id='line_1_32' title="bbox 103 2989 956 3059; baseline -0.004 -12"><span class='ocrx_word' id='word_1_221' title='bbox 103 2995 295 3057; x_wconf 87' lang='lat' dir='ltr'>monumenta,</span> <span class='ocrx_word' id='word_1_222' title='bbox 307 2989 450 3042; x_wconf 80' lang='lat' dir='ltr'>literarum</span> <span class='ocrx_word' id='word_1_223' title='bbox 464 2995 593 3059; x_wconf 87' lang='lat' dir='ltr'>vetustas,</span> <span class='ocrx_word' id='word_1_224' title='bbox 607 3008 670 3044; x_wconf 90' lang='lat' dir='ltr'>cum</span> <span class='ocrx_word' id='word_1_225' title='bbox 687 2989 818 3059; x_wconf 89' lang='lat' dir='ltr'>moribus,</span> <span class='ocrx_word' id='word_1_226' title='bbox 831 2997 863 3044; x_wconf 93' lang='lat' dir='ltr'>ut</span> <span class='ocrx_word' id='word_1_227' title='bbox 878 2990 956 3059; x_wconf 89' lang='lat' dir='ltr'>solet,</span> 
     </span>
     <span class='ocr_line' id='line_1_33' title="bbox 103 3075 957 3149; baseline -0.006 -15"><span class='ocrx_word' id='word_1_228' title='bbox 103 3082 270 3149; x_wconf 84' lang='lat' dir='ltr'>depravata:</span> <span class='ocrx_word' id='word_1_229' title='bbox 291 3093 357 3129; x_wconf 85' lang='lat' dir='ltr'>mox</span> <span class='ocrx_word' id='word_1_230' title='bbox 374 3076 481 3147; x_wconf 87' lang='lat' dir='ltr'>relligio</span> <span class='ocrx_word' id='word_1_231' title='bbox 498 3075 550 3129; x_wconf 90' lang='lat' dir='ltr'>ista</span> <span class='ocrx_word' id='word_1_232' title='bbox 563 3094 580 3130; x_wconf 90' lang='lat' dir='ltr'>a</span> <span class='ocrx_word' id='word_1_233' title='bbox 592 3083 633 3130; x_wconf 94' lang='lat' dir='ltr'>tot</span> <span class='ocrx_word' id='word_1_234' title='bbox 647 3075 752 3130; x_wconf 88' lang='lat' dir='ltr'>saeculis</span> <span class='ocrx_word' id='word_1_235' title='bbox 764 3075 909 3142; x_wconf 86' lang='lat' dir='ltr'>exstincta,</span> <span class='ocrx_word' id='word_1_236' title='bbox 922 3077 957 3130; x_wconf 90' lang='lat' dir='ltr'>ab</span> 
     </span>
     <span class='ocr_line' id='line_1_34' title="bbox 103 3162 809 3236; baseline -0.007 -14"><span class='ocrx_word' id='word_1_237' title='bbox 103 3167 159 3222; x_wconf 79' lang='lat' dir='ltr'>alia</span> <span class='ocrx_word' id='word_1_238' title='bbox 171 3170 253 3236; x_wconf 90' lang='lat' dir='ltr'>gente</span> <span class='ocrx_word' id='word_1_239' title='bbox 265 3162 294 3215; x_wconf 92' lang='lat' dir='ltr'>in</span> <span class='ocrx_word' id='word_1_240' title='bbox 307 3162 390 3216; x_wconf 84' lang='lat' dir='ltr'>aliam</span> <span class='ocrx_word' id='word_1_241' title='bbox 403 3163 544 3230; x_wconf 78' lang='lat' dir='ltr'>translata,</span> <span class='ocrx_word' id='word_1_242' title='bbox 558 3163 684 3217; x_wconf 88' lang='lat' dir='ltr'>funditus</span> <span class='ocrx_word' id='word_1_243' title='bbox 696 3163 809 3217; x_wconf 89' lang='lat' dir='ltr'>interiit.</span> 
     </span>
    </p>

    <p class='ocr_par' dir='ltr' id='par_1_3' title="bbox 141 3249 957 3319">
     <span class='ocr_line' id='line_1_35' title="bbox 141 3249 957 3319; baseline -0.004 -13"><span class='ocrx_word' id='word_1_244' title='bbox 141 3253 200 3306; x_wconf 88' lang='lat' dir='ltr'>Nec</span> <span class='ocrx_word' id='word_1_245' title='bbox 220 3267 285 3304; x_wconf 88' lang='lat' dir='ltr'>vero</span> <span class='ocrx_word' id='word_1_246' title='bbox 302 3249 516 3303; x_wconf 88' lang='lat' dir='ltr'>existimandum</span> <span class='ocrx_word' id='word_1_247' title='bbox 537 3255 578 3303; x_wconf 91' lang='lat' dir='ltr'>est</span> <span class='ocrx_word' id='word_1_248' title='bbox 597 3266 629 3303; x_wconf 89' lang='lat' dir='ltr'>ea</span> <span class='ocrx_word' id='word_1_249' title='bbox 650 3249 719 3303; x_wconf 92' lang='lat' dir='ltr'>adeo</span> <span class='ocrx_word' id='word_1_250' title='bbox 736 3249 846 3319; x_wconf 90' lang='lat' dir='ltr'>penitus</span> <span class='ocrx_word' id='word_1_251' title='bbox 864 3250 957 3304; x_wconf 85' lang='lat' dir='ltr'>omnia</span> 
     </span>
    </p>
   </div>
   <div class='ocr_carea' id='block_1_3' title="bbox 0 0 1340 3992">
    <p class='ocr_par' dir='ltr' id='par_1_4' title="bbox 0 0 1340 3992">
     <span class='ocr_line' id='line_1_36' title="bbox 0 0 1340 3992; baseline 0 0"><span class='ocrx_word' id='word_1_252' title='bbox 0 0 1340 3992; x_wconf 95' lang='lat' dir='ltr'> </span> 
     </span>
    </p>
   </div>
  </div>
 </body>
</html>
