2656 3992
331 493 425 534 rerum
444 477 479 530 ab
496 474 619 530 Etruscis
635 473 754 527 Romani
773 470 892 525 mutuati
909 476 982 524 sunt.
1019 466 1182 538 Cujusmodr

331 570 397 619 sunt
415 580 456 628 ea,
472 579 535 633 quoe
555 562 590 615 ad
608 559 795 630 Haruspicum
810 557 985 629 disciplinam
1004 555 1181 626 pertineant:

330 649 506 711 ceremonias,
520 648 647 715 hariolos,
659 646 805 700 histriones
817 646 852 700 ab
868 643 982 698 Etruria
994 640 1113 696 derivari
1128 637 1183 710 ipsi

332 753 440 807 quoque
454 734 574 788 Romani
583 739 728 788 testantur.
756 733 881 807 ⁸Accedit
893 750 926 786 eo
938 730 1014 802 quod
1023 744 1112 783 sermo
1126 726 1181 778 La-

332 823 408 876 tinus
419 838 483 876 cum
496 819 687 890 antiquissimu
701 818 788 873 Indiae
806 819 903 890 lingue
915 818 945 871 in
960 815 1058 870 multis
1069 812 1182 884 propio-

332 925 391 962 rem
403 924 488 977 quam
497 906 612 960 Groecus
623 905 964 977 habeatconjunctionem.
984 902 1055 965 uuae
1066 898 1182 971 quidem

331 992 483 1048 similitudo
506 1010 562 1046 non
580 991 701 1063 speciosa
718 998 838 1060 tantum,
860 991 908 1045 sed
928 989 1057 1044 radicitus
1075 987 1181 1056 linguae

331 1080 415 1133 insita
426 1087 510 1150 atque
524 1079 617 1132 infixa.
656 1079 726 1141 Quae
743 1084 836 1132 tamen
850 1078 925 1131 unde
943 1075 995 1130 nisi
1014 1075 1050 1129 ab
1062 1074 1181 1126 Etrusco

331 1167 408 1221 fonte
427 1166 457 1219 in
471 1165 611 1219 Romanos
627 1164 837 1235 profluxerunt?
872 1164 926 1218 Sed
945 1179 1032 1234 quum
1053 1157 1182 1214 immensi

331 1259 403 1308 esset
419 1253 509 1324 operis
526 1267 620 1322 sparsa
638 1251 742 1323 linguae
763 1251 920 1323 fragmenta
935 1250 1074 1321 colligere,
1093 1248 1129 1302 ad
1149 1263 1183 1302 ea

331 1341 424 1413 potius
442 1340 586 1396 veniamus
608 1358 669 1411 quse
694 1340 815 1396 historiae
836 1337 1025 1394 monumentis
1039 1352 1182 1391 commen-

331 1428 399 1482 data
409 1433 483 1482 sunt.
520 1427 598 1480 Licet
614 1427 689 1480 enim
705 1425 800 1481 illude
816 1427 884 1480 urbe
900 1425 1043 1480 condendi
1056 1421 1130 1476 fama
1150 1421 1181 1474 in

330 1514 446 1568 obscuro
458 1512 502 1581 sit,
511 1518 605 1567 tamen
617 1511 793 1582 perspicuum
800 1520 850 1580 est,
861 1529 924 1566 cum
935 1509 1087 1564 Luceribus
1098 1508 1184 1564 tertia

332 1615 395 1669 pars
406 1599 472 1652 data
485 1598 529 1666 sit,
540 1615 608 1669 quos
620 1616 638 1651 a
651 1599 809 1652 Lucumone
821 1598 942 1668 quodam
956 1597 1072 1652 Etnrsco
1089 1595 1183 1650 nomi·

331 1685 392 1739 nari
413 1685 559 1756 fingerent,
583 1684 669 1738 etiam
690 1684 720 1737 in
744 1684 797 1739 hac
821 1689 900 1738 tantu
924 1685 1183 1745 rerumfffvetustete

333 1771 456 1826 Etruscis
473 1771 578 1840 aliquid
594 1771 768 1826 attributum.
805 1771 921 1824 Luceres
933 1776 1027 1824 sutem
1039 1770 1069 1823 in
1087 1777 1184 1824 moute

334 1854 424 1909 Coelio
435 1854 520 1908 locari
532 1872 582 1924 per
593 1871 622 1908 se
630 1854 721 1924 ipsum
729 1853 831 1909 indicio
842 1861 892 1918 est,
903 1854 1091 1908 Lucumonem
1100 1853 1183 1908 illum

331 1939 453 1996 Coelium
464 1939 618 1994 Vivenuam
633 1938 716 1994 luisse
732 1956 815 2010 quem
833 1940 863 1993 in
879 1940 934 1993 alis
952 1938 1047 1994 fabula
1068 1939 1183 1994 Romuli

330 2025 436 2080 socium
456 2032 539 2096 atque
562 2025 682 2080 amicum
704 2025 815 2080 terrent.
852 2026 958 2080 Mirum
979 2026 1044 2080 sane
1061 2027 1183 2080 eundem

332 2113 452 2167 Coelium
459 2112 614 2166 Vivennam
621 2129 685 2166 cum
694 2112 844 2183 Tarquinio
852 2111 944 2182 aliquo
952 2112 1036 2166 modo
1045 2112 1182 2183 implicari

332 2205 393 2252 tum
417 2198 533 2252 Luceres
565 2199 638 2268 ipsos
660 2198 840 2270 Tarquinium
863 2198 893 2252 in
921 2204 1047 2253 senatum
1071 2199 1180 2270 legisse.

333 2285 391 2338 Nec
409 2283 496 2355 igitur
519 2284 644 2337 absimile
667 2284 690 2338 si
710 2284 804 2338 omnis
825 2284 1007 2338 Etruscorum
1029 2285 1147 2356 vestigia
1165 2301 1184 2338 a

330 2369 486 2439 Tarquiniis
510 2368 588 2423 illata
597 2374 701 2436 {errore
720 2369 840 2439 quodam
865 2370 900 2424 ad
923 2370 1035 2424 Romuli
1056 2375 1184 2440 tempora

330 2455 503 2525 primamque
515 2454 589 2508 urbis
600 2454 736 2526 originem
747 2454 846 2524 rejecta
858 2455 922 2509 sint.

368 2541 492 2596 Priscum
510 2541 587 2594 illam
601 2541 791 2594 Romanorum
807 2541 968 2614 religionem
989 2559 1007 2595 a
1023 2544 1117 2597 Numi
1131 2543 1183 2598 Sa-

331 2627 398 2682 bino
414 2633 503 2682 ortam
520 2644 586 2692 esse,
598 2644 744 2682 consensus
758 2627 882 2681 omnium
899 2633 1014 2683 oetntum
1029 2630 1094 2684 satis
1109 2629 1183 2686 clere

330 2713 461 2768 ostendit.
497 2713 567 2775 Quae
586 2713 698 2784 quidem
716 2713 806 2785 gentis
824 2713 936 2768 societas
954 2715 1039 2769 etiam
1058 2716 1087 2770 in
1101 2716 1183 2772 Tatio

330 2800 503 2867 adumbrata,
515 2799 585 2852 nihil
597 2799 673 2854 eliud
686 2795 799 2854 sortasse
811 2799 946 2871 significet
956 2818 1040 2871 quam
1051 2818 1141 2857 mores
1154 2809 1184 2858 et

330 2885 458 2939 instituta
469 2885 619 2957 agrestium
632 2885 667 2938 ab
680 2885 780 2958 agresti
793 2892 876 2956 geute
885 2887 1015 2942 derivari:
1035 2889 1182 2958 postmodo

329 2979 403 3026 artes
414 2977 443 3026 et
455 2972 596 3026 scientiam
605 2972 784 3027 Etruscorum
796 2972 825 3026 in
832 2989 936 3028 novum
947 2973 1037 3028 adhuc
1046 2975 1182 3044 populum

330 3059 406 3112 viam
417 3059 560 3112 invenisse.
597 3059 725 3114 Traditur
736 3059 848 3128 quidem
862 3060 941 3114 A.U.
950 3059 1039 3114 O.571
1054 3061 1183 3116 inventos

330 3146 432 3200 Numae
444 3145 537 3214 libros,
553 3163 616 3200 cum
628 3139 765 3200 vetustate
777 3145 892 3202 obsoleti
903 3153 1002 3211 essent,
1013 3153 1042 3201 et
1053 3146 1089 3200 ab
1101 3147 1182 3202 hodi-

328 3248 395 3286 erno
406 3249 458 3286 usu
470 3231 592 3286 maxime
605 3230 792 3297 abhorrerent,
800 3231 879 3303 jussu
891 3232 1016 3304 pratoris
1031 3249 1087 3287 esse
1104 3251 1182 3288 com-
