2656 3992
167 147 992 327 millensimo&

159 461 281 532 quidam
302 461 504 533 {consecrabant
535 463 696 518 divinitatis.
739 465 778 517 At
808 465 873 519 Jovi
904 467 1010 521 hostem

158 550 324 605 acerrimum
344 549 476 621 Vejovem
500 567 557 604 esse
580 549 731 622 fingebant,
754 569 836 622 quem
856 559 889 608 ut
906 561 1010 608 tetrum

158 643 187 692 et
209 637 352 708 impurum
376 643 405 690 et
429 637 647 691 abominandum
675 638 769 692 Deum
792 639 928 708 detestati,
948 648 1009 694 tun-

158 741 243 794 quam
255 729 396 778 auctorem
408 724 484 793 mali,
504 725 641 780 sacrificiis
653 732 748 780 tamen
760 733 788 780 et
803 727 902 781 ritibus
918 729 1008 783 conci-

158 811 273 864 liabant.
311 810 435 883 Vestigia
446 812 568 881 prolecto
582 812 721 866 orientalis
737 813 927 884 philosophiae,
946 833 1009 886 quse

158 899 227 952 duas
251 905 364 972 naturas
387 899 536 953 soumarias
564 906 593 953 et
616 899 688 953 inter
712 917 740 954 se
764 909 950 971 repugnantes
977 901 1007 955 in

160 985 283 1039 Deorum
302 987 439 1041 mnndum
456 986 566 1040 intulit!
595 987 677 1040 Unde
689 986 763 1040 enim
779 986 829 1040 illa
840 988 1009 1058 sempiterna

157 1091 249 1127 renim
268 1073 395 1128 omnium
416 1073 575 1127 contentio?
602 1074 677 1127 unde
696 1080 903 1144 tempestatum,
924 1082 1005 1130 terres

157 1161 295 1231 marisque
306 1177 462 1228 concursus,
475 1161 550 1214 unde
557 1160 653 1214 mortis
661 1160 789 1231 vitesque,
802 1162 867 1215 boni
875 1162 1007 1233 malique,

157 1247 302 1301 homiuum
323 1247 433 1318 Deique
453 1251 609 1302 certamen?
626 1247 771 1317 inquibus
793 1255 843 1302 aut
855 1248 944 1303 facere
958 1257 1008 1304 aut

156 1334 226 1406 peti!
235 1334 340 1405 aliquid
347 1335 449 1402 {omnia
465 1334 613 1388 videantur
622 1335 714 1404 :-qui
730 1341 824 1389 nutem
838 1335 923 1402 Deus,
943 1353 1007 1391 eum

157 1422 331 1492 omnipotens
343 1427 422 1491 esset,
436 1427 485 1475 sut
496 1421 564 1475 muli
579 1421 731 1492 quidquam
743 1420 803 1475 fieri
815 1429 864 1476 aut
874 1423 939 1477 boni
951 1441 1006 1476 non

156 1507 216 1562 fieri
227 1511 406 1564 concederet?
444 1509 462 1562 J
464 1525 510 1562 nm
520 1508 615 1562 eadem
626 1507 683 1563 fere
690 1509 720 1562 iu
727 1509 843 1563 Laribus
855 1509 1006 1581 Geniisque

157 1596 337 1668 depingendis
344 1596 421 1650 notio
430 1595 556 1664 occurrit,
567 1597 701 1666 ¹*quorum
709 1596 788 1664 alter,
796 1602 872 1650 veste
880 1597 1006 1664 candida,

136 1683 275 1754 ‘benigno
294 1682 468 1754 formosoque
488 1683 569 1736 vultu
586 1681 745 1736 functorum
763 1683 870 1737 animos
887 1683 916 1735 in
937 1683 1005 1737 'lar-

154 1777 215 1824 taro
223 1771 338 1824 comiter
350 1770 463 1840 excipit,
471 1770 541 1823 alter
553 1776 666 1840 aspectu
676 1776 748 1823 tetro
757 1777 786 1822 et
800 1769 878 1840 quasi
886 1769 1004 1824 stimulis

154 1856 265 1928 agitans
284 1863 369 1911 terret
386 1857 576 1928 castigatque:
597 1856 682 1910 etiam
696 1856 725 1910 in
737 1856 796 1910 vitis
809 1857 866 1910 duo
881 1857 1006 1911 custodes

155 1944 224 2012 dati,
242 1945 311 1998 alter
326 1945 374 2016 qui
389 1945 425 1998 ad
441 1961 523 1998 omne
541 1944 624 1998 decus
636 1943 761 1998 homines
781 1943 916 2012 incitaret,
935 1943 1005 1996 ulter

157 2032 205 2101 qui
217 2030 339 2085 alliceret
351 2032 385 2085 ad
397 2031 608 2101 turpitudinem.
645 2031 744 2101 Itaque
754 2030 891 2083 mundum
903 2029 1004 2100 ipsum,

157 2116 236 2187 quasi
253 2117 281 2169 in
301 2117 348 2171 illo
366 2119 470 2172 semina
488 2119 616 2189 quaedam
632 2118 699 2171 mali
713 2116 933 2183 inhaerescerent,
947 2132 1004 2170 non

157 2204 249 2274 ipsum
258 2204 276 2257 J
278 2221 357 2258 ovem
365 2207 466 2260 creisse
474 2205 686 2271 arbitrabantur,
698 2203 744 2258 sed
755 2202 880 2256 ministro
893 2202 1004 2256 cuidam

155 2292 213 2345 sive
240 2291 384 2364 demiurgo
407 2293 458 2347 hoo
489 2309 558 2362 opus
586 2291 785 2362 perficiendum
814 2289 1002 2344 demandasse.

155 2379 249 2433 Multa
261 2397 369 2451 quoque
381 2397 436 2432 non
449 2379 538 2433 solum
547 2380 582 2432 ab
592 2379 714 2438 Oriente,
727 2395 824 2433 verum
836 2377 871 2430 ab
880 2377 1005 2448 AEgypto

153 2473 182 2520 et
192 2465 301 2520 Graecii
309 2467 448 2534 translata,
461 2484 524 2521 oum
536 2467 554 2520 J
557 2483 677 2520 unonem
691 2466 804 2520 Faleriis
816 2464 895 2536 paene
905 2464 1004 2518 Graeco

152 2571 228 2608 more
244 2562 273 2608 et
284 2555 400 2610 sollemni
412 2557 567 2620 κανηφόρων
579 2555 682 2625 pompis
693 2555 822 2622 colerent,
836 2569 899 2622 quae
915 2552 972 2605 sive
988 2569 1006 2605 a

154 2641 277 2716 Pelasgis
290 2651 350 2697 orte
363 2644 426 2712 sint,
435 2644 492 2697 sive
505 2645 589 2697 serius
599 2649 631 2696 ut
644 2642 672 2694 in
680 2641 783 2712 populo
791 2638 930 2694 maritimo
942 2638 1004 2691 illu·

151 2735 190 2790 ta,
210 2729 284 2784 certe
302 2747 338 2784 ex
357 2731 409 2784 hoc
429 2731 506 2784 fonte
526 2728 728 2800 profluxerunt.
766 2727 844 2780 Adeo
860 2724 1002 2796 Tarquinii

153 2817 277 2887 Delphos
291 2818 461 2888 legationem
478 2817 629 2885 miserunt;
649 2815 759 2887 Agyllne
771 2831 835 2868 oum
848 2813 946 2866 iisdem
958 2828 1002 2864 so-

150 2904 278 2958 cietatem
291 2903 560 2975 eliquaminierunt3
581 2903 746 2957 undeetiam
755 2918 813 2954 mos
823 2899 870 2953 ille
880 2897 1004 2967 Delphos

150 2991 281 3044 mittendi
298 2991 334 3044 eb
348 2991 470 3045 Etruscis
481 2990 511 3043 in
523 2991 662 3043 Romanos
673 2989 759 3045 venit.
789 2987 903 3041 Constet
915 2983 1001 3037 immo

150 3077 235 3132 libros
247 3077 329 3147 ipsos,
342 3078 391 3147 qui
403 3077 432 3131 in
444 3077 586 3148 republicis
601 3074 818 3130 administrandis
828 3079 936 3126 tantam
948 3070 1006 3124 vim

413 3279 425 3303 0
442 3277 727 3330 MiceriTanu1ae‚paseim.

344 3393 355 3424 l
744 3416 757 3444 u

159 3471 171 3496 ἶ
340 3475 349 3500 ὖ
394 3477 407 3502 ἱ

148 3386 973 3574 &ww

608 3568 622 3597 n
