2656 3992
341 168 762 348 ew
738 167 1068 340 aaa
1037 1 1300 438 aa

353 449 472 502 civitatis
493 448 651 502 columnam
673 419 814 502 exstruere
835 447 990 513 velimus,
984 465 1012 499 rn
1033 463 1065 500 eo
1085 452 1126 500 est
1145 445 1204 498 eni-

353 535 477 600 tendum,
497 543 530 588 ut
554 552 638 604 quam
659 541 815 588 commenta
834 533 1018 588 recentiorum
1043 532 1125 585 rebus
1150 531 1205 584 illis

354 624 463 670 noctem
484 617 643 682 effuderint,
657 617 778 686 primurn
795 616 981 688 dispellamus.
1020 616 1092 668 Nam
1108 631 1171 684 qnae
1187 631 1205 668 a
1300 627 1301 642 ³

354 704 503 774 majoribus
535 703 703 773 accepissent
728 703 872 774 paullatim
902 702 1004 774 posteri
1035 701 1204 771 depravare;

353 790 494 845 luxuriare
503 789 585 842 nimis
597 790 722 844 vividum
731 789 801 843 illud
809 797 954 860 poetarum
964 788 1125 860 ingenium
1142 806 1204 842 suc-

353 877 457 931 cessere
472 876 604 941 historici,
623 877 672 948 qui
691 877 870 942 incredibilia,
890 876 1002 942 scilicet,
1022 875 1058 929 ad
1079 875 1205 930 veritatis

355 980 482 1017 normam
497 965 665 1031 resecabant,
683 963 711 1016 in
731 963 828 1017 ceteris
844 969 988 1034 poetarum
1005 961 1088 1016 fldem
1108 962 1203 1017 secuti.

356 1051 449 1104 Multa
466 1057 531 1104 sunt
547 1049 634 1121 igitur
653 1069 705 1121 per
722 1049 825 1122 figuras
838 1067 975 1120 expressa,
993 1050 1083 1103 multa
1096 1066 1206 1119 quoque

353 1155 405 1208 pro
423 1136 514 1209 gentis
535 1135 628 1191 indole
652 1155 683 1192 ac
704 1138 759 1191 situ
778 1137 901 1191 locorum
922 1137 1096 1204 adumbrata,
1117 1153 1205 1206 eaque

353 1224 469 1295 singulis
488 1222 632 1291 attributa,
646 1241 716 1294 ·quae
740 1223 860 1279 universi
880 1230 970 1277 essent
993 1223 1098 1294 populi,
1123 1223 1205 1275 cnm*

353 1311 397 1364 vel
422 1310 504 1364 urbes
528 1310 661 1375 conditas,
685 1309 731 1365 vel
754 1309 873 1365 colonias
901 1310 1042 1372 deductas,
1065 1309 1112 1363 vel
1135 1308 1204 1362 civi-

351 1404 422 1451 tates
442 1397 602 1449 immutatas
621 1396 815 1468 significarent.
854 1397 925 1459 Quae
945 1404 1038 1451 tamen
1056 1396 1149 1451 omnia
1168 1397 1204 1449 ad

357 1483 432 1537 Deos
445 1490 570 1538 auctores
582 1483 678 1548 relata,
685 1499 752 1536 mox
764 1500 855 1537 errore
867 1489 1001 1554 perpetuo
1010 1483 1206 1538 consecrabant
1302 1519 1303 1530 ,

354 1569 447 1632 Quid?
473 1570 496 1622 si
515 1568 683 1624 ferocissima
703 1587 770 1642 gens
793 1568 947 1624 humanum
967 1576 1050 1641 atque
1069 1570 1204 1623 inermem
1302 1617 1303 1628 ,

353 1657 487 1728 populum
500 1657 632 1723 obruerit,
642 1657 664 1710 si
676 1656 811 1728 linguam,
821 1657 993 1728 religionem,
1007 1674 1100 1710 rerum
1113 1663 1205 1727 gesta-

353 1761 416 1798 rum
428 1743 591 1798 memoriam
603 1744 632 1796 in
650 1761 706 1798 uno
719 1743 797 1814 quasi
810 1744 920 1816 gurgite
937 1743 1087 1808 miscuerit,
1100 1749 1206 1813 quanta

352 1837 423 1885 esset
433 1830 576 1885 annalium
588 1830 719 1894 confusio,
730 1849 792 1901 quae
805 1829 977 1901 perturbatio
989 1835 1146 1900 temporum
1158 1826 1204 1881 fu-

352 1922 430 1972 tura!
469 1917 550 1980 Quod
568 1935 631 1971 curn
648 1917 677 1970 in
692 1917 796 1972 Graecis
817 1916 933 1970 urbibus
950 1922 978 1970 et
995 1916 1024 1969 in
1041 1916 1119 1970 tanta
1131 1915 1204 1968 anti-

352 2005 466 2074 quitatis
480 2005 541 2058 luce
553 2004 692 2070 acciderit,
703 2009 762 2057 tum
776 2003 864 2057 multo
876 2003 964 2074 magis
976 2002 1005 2055 in
1019 2001 1141 2056 Etruscis
1154 2019 1204 2054 ex-

351 2091 519 2162 pectandum
538 2096 606 2156 erat,
626 2090 726 2160 quibus
744 2107 813 2144 rarae
834 2107 884 2160 per
903 2107 937 2143 ea
956 2096 1082 2160 tempora
1103 2088 1204 2141 litterae

351 2183 451 2243 essent,
464 2176 547 2230 etiarn
560 2176 620 2247 ipsa
631 2179 722 2249 gentis
735 2177 845 2230 annalia
858 2177 968 2247 penitus
979 2176 1141 2230 interierint.

387 2264 485 2334 Neque
504 2281 570 2317 vero
590 2280 623 2316 ea
640 2263 735 2317 omnia
753 2281 804 2333 pro
824 2263 898 2317 salsis
917 2263 1045 2316 habenda
1064 2267 1138 2326 suut,
1153 2263 1202 2314 sed

352 2349 444 2420 potius
463 2348 522 2403 veri
538 2349 643 2420 aliquid
663 2367 698 2404 ex
718 2349 846 2404 omnibus
864 2349 1026 2404 eruendum.
1063 2347 1149 2402 Aliud
1163 2355 1205 2402 est

351 2435 494 2490 historiam
523 2436 649 2502 scribere,
674 2437 750 2491 aliud
774 2436 895 2490 historiae
919 2435 1002 2489 fidem
1026 2433 1202 2489 labefactare.

353 2521 1204 2594 ipsiquoquepoetaeiniis,quaedepinxeruntregulamquan-

352 2611 418 2664 dam
435 2608 520 2663 secuti
536 2615 609 2674 sunt,
622 2627 672 2664 nec
688 2609 779 2664 minor
794 2609 880 2682 igitur
891 2608 1018 2680 Virgilio,
1030 2609 1065 2663 ob
1083 2608 1205 2680 exquisi-

350 2703 408 2749 tam
428 2696 620 2761 eruditionem,
633 2713 717 2766 quam
735 2697 859 2750 Homero
877 2695 1204 2766 propter'antiquitatenr

350 2781 418 2837 fides
428 2790 469 2837 est
479 2783 636 2837 tribuenda.
657 2783 751 2844 Quid?
770 2783 792 2836 si
803 2783 914 2836 urbium
922 2783 1049 2856 origines,
1059 2781 1081 2835 si
1089 2788 1207 2836 eventus
1226 2794 1230 2802 '

351 2869 471 2941 singulos
491 2869 566 2923 haud
586 2869 651 2923 licet
670 2867 796 2922 accurate
813 2868 961 2942 effingere3
989 2877 1019 2923 at
1033 2869 1159 2924 instituta
1176 2878 1207 2923 et

351 2974 440 3010 mores
452 2955 606 3030 hominurn·
614 2954 686 3010 certe
699 2956 772 3021 licet,
789 2973 851 3026 quae
863 2965 892 3011 et
904 2956 1026 3010 maxima
1037 2974 1101 3028 pars
1117 2955 1206 3008 histo-

351 3043 399 3097 riae
412 3050 461 3108 est,
476 3050 504 3097 et
517 3044 551 3097 ad
568 3041 748 3115 agnitionem,
760 3043 884 3097 omnium
897 3043 1092 3114 pulcherrima.
1128 3041 1207 3104 Quid

362 3228 371 3250 ⁸
389 3226 423 3266 Gi.
436 3225 499 3267 Niab.
512 3225 576 3267 Rom.
589 3224 637 3266 llis.
650 3226 698 3266 Vol.
712 3226 731 3266 l.
742 3240 764 3280 p.
775 3232 807 3268 25.
835 3228 894 3268 Clin.
907 3228 966 3269 Faet.
979 3224 1161 3270 iteraveris.
1175 3225 1190 3264 i.
