2656 3992
331 421 503 502 Pelesgicum
516 424 610 483 sedem
619 421 731 497 referri;
749 428 817 497 quos
830 429 923 479 temen
934 419 995 478 loen
1005 419 1066 494 ipse
1072 415 1188 477 efferis-¹
1302 414 1303 480 l

328 525 398 586 sent,
416 523 449 570 ut
463 534 498 570 ne
509 532 608 570 sonum
623 513 737 584 quidem
755 513 857 585 lingue
873 512 1064 582 incorruptum
1079 509 1185 564 retine-

328 609 400 657 rent.
417 603 514 673 Neque
523 601 615 655 minus
623 598 922 670 cdjuvebeteosltcliae
931 597 1110 668 perturbatio,
1119 609 1185 665 quae

328 700 392 743 eum
404 689 512 760 ingenti
525 688 694 741 advenarum
706 685 811 738 diluvio
826 701 906 755 poene
917 684 979 755 ipss
989 682 1150 737 fluctuabat.
1303 676 1304 766 l

364 773 419 828 Sed
437 774 569 846 quonium
587 772 617 825 iu
636 771 815 826 interminato
832 787 930 841 cumpo
947 787 1090 825 versamur
1106 769 1184 824 etin
1303 781 1304 792 ¹

330 875 412 932 quem
429 859 574 914 intendens
586 867 615 914 et
629 857 774 929 projiciens
788 875 817 911 ee
831 858 951 922 enimus,
964 857 1070 910 nullcm
1085 862 1183 911 temen

328 963 405 1000 oram
417 945 512 1001 videet
524 947 602 1018 (eum
619 944 722 1016 linguae
742 943 866 999 Etruscae
884 961 972 1014 peuce
990 952 1099 998 tentum
1118 961 1183 998 ves·

329 1033 399 1104 tigin
419 1031 566 1103 supersint,
594 1031 628 1085 de
653 1027 753 1102 quibus
771 1035 866 1084 tumen
887 1030 954 1100 ipsis
972 1029 1081 1084 summi
1104 1027 1181 1099 apud

329 1117 422 1172 doctos
439 1117 613 1172 contentione
631 1123 761 1182 certetur,
774 1123 956 1171 monuments
967 1133 1032 1172 vero
1048 1133 1111 1187 quoe
1125 1115 1182 1169 sint

327 1195 520 1268 Enmcoru'm,
532 1220 566 1256 ne
581 1201 639 1257 ullis
655 1204 769 1275 quidem
785 1203 853 1258 nott
870 1203 988 1257 discerni
1001 1203 1128 1273 possunt)
1143 1199 1180 1255 ed

327 1303 362 1342 ec
378 1288 472 1360 potius
488 1288 653 1360 inquirendo
670 1289 840 1357 festinemus,
859 1307 922 1360 qnae
937 1289 1005 1357 vite,
1022 1290 1070 1361 qui
1088 1307 1181 1344 mores

327 1374 441 1440 fuerint,
453 1375 554 1444 quibus
566 1375 608 1428 vel
623 1374 742 1447 legibus,
755 1376 800 1430 vel
816 1376 949 1430 institutis
967 1393 1000 1430 eo
1016 1393 1103 1446 usque
1119 1392 1180 1430 cre-

328 1461 419 1515 verint
428 1461 610 1514 Etruscorum
622 1478 697 1532 opes,
707 1469 739 1516 ut
751 1463 786 1516 de
800 1461 889 1516 Itoliae
900 1461 957 1516 sive
970 1461 1044 1516 orbis
1052 1461 1180 1531 imperio,

326 1553 371 1601 tot
386 1565 472 1602 annos
491 1564 555 1602 cum
575 1547 699 1618 principe
715 1554 852 1602 terrorum
871 1547 974 1618 populo
988 1546 1182 1616 decertarent3

327 1634 417 1704 qualis
435 1634 555 1703 deniqne
574 1633 622 1687 ille
641 1651 705 1688 cum
726 1633 858 1688 Romanis
880 1635 1002 1700 societas,
1024 1650 1086 1703 quse
1109 1632 1182 1687 ritus

327 1722 548 1793 ceremoniasque
561 1723 706 1777 amborum
717 1724 746 1777 in
758 1741 846 1777 unum
858 1722 1009 1792 miscuerit,
1021 1723 1179 1777 libertatem

328 1809 462 1864 Romsnae
470 1810 557 1880 plebis
563 1809 623 1881 jem
632 1807 968 1881 nascentemoppresserit‚
976 1808 1180 1879 rempublicam

326 1896 436 1967 penitus
449 1896 665 1951 labefactaverit.

363 1984 401 2037 Et
412 1983 544 2053 quonism
557 2001 573 2036 c
587 1981 710 2036 Deorum
723 1981 876 2036 reverentii
888 1981 992 2052 pendet
1006 1980 1095 2034 omnis
1108 1979 1179 2034 civi-

325 2077 377 2140 tas,
388 2071 565 2139 meximeque
577 2069 607 2122 in
615 2069 649 2123 ei
661 2075 753 2141 gente,
762 2085 836 2139 quoe,
845 2085 908 2122 cum
918 2073 976 2121 erte
985 2066 1095 2122 colendi
1102 2065 1181 2120 Deos

326 2157 481 2222 excelleret,
502 2173 559 2227 prae
579 2156 675 2210 ceteris
692 2154 829 2228 relligioni
853 2155 947 2209 dedite
968 2152 1031 2220 fuit,
1053 2152 1179 2224 primum

326 2243 453 2314 quisnam
471 2244 538 2298 ordo
561 2243 695 2307 Deorum,
717 2241 799 2313 quire
818 2257 957 2296 sacrorum
975 2239 1078 2294 fuerint
1097 2238 1179 2306 ritus,

325 2329 537 2400 anquirendum.
576 2327 693 2398 Semper
721 2327 796 2382 enim
820 2327 1000 2381 Etmseorum
1023 2325 1180 2398 respublica

325 2415 477 2470 ercnssimo
486 2413 636 2486 relligionis
643 2415 754 2470 vinculo
764 2413 894 2486 colligate
905 2413 975 2483 fuit3
993 2413 1051 2468 haec
1062 2412 1179 2483 propin-

325 2518 402 2571 quos,
410 2501 548 2556 haeceives
556 2500 712 2572 conjunxit3
724 2501 784 2556 hoec
795 2501 940 2555 duodecim
948 2500 1019 2554 inter
1025 2518 1054 2554 se
1061 2500 1181 2570 populos

325 2587 503 2659 consociavit5
514 2587 599 2642 etiem
606 2588 658 2642 hoc
663 2588 765 2642 artium
770 2587 946 2658 scientioeque
953 2586 1178 2656 fundamentum,

325 2673 386 2728 fons
402 2674 490 2728 omnis
507 2673 612 2745 publici
628 2674 783 2746 privatique
795 2675 874 2746 juris.
913 2675 983 2728 Erat
998 2674 1073 2729 enim
1087 2674 1180 2728 omnis

253 2831 257 2840 .
325 2761 403 2830 qussi
417 2761 542 2815 Deorum
554 2759 659 2828 ciritae,
675 2761 703 2814 iu
716 2763 772 2831 qut
784 2763 832 2833 qui
842 2761 963 2832 auspicia
972 2759 1105 2815 heberent
1117 2777 1178 2814 rem

324 2851 460 2914 gererent,
479 2859 529 2896 nec
548 2841 624 2897 eliud
643 2851 712 2898 esset
730 2843 901 2915 principibus
919 2860 1076 2914 repugnare
1092 2859 1178 2913 quem

323 2929 492 2984 bellaricnm
501 2929 572 2985 Diis.
593 2929 1178 3001 NemutepudGullosDruidae,cpust-

325 3016 451 3087 bylonios
464 3017 587 3072 Cheldaei
595 3017 705 3072 summi
713 3034 806 3071 rerum
817 3016 898 3088 potiti
910 3023 984 3082 sunt,
994 3018 1032 3071 sic
1044 3017 1176 3072 Etrusco·

323 3121 385 3156 rum
396 3105 568 3159 Lucumones
581 3104 637 3158 sive
646 3104 798 3159 secerdotes
810 3103 886 3158 domi
894 3103 1013 3173 forisque
1025 3103 1175 3174 imperium

323 3191 511 3246 obtinuerunt.
550 3191 606 3254 Qui
618 3189 732 3263 quidem
740 3191 808 3246 ordo
820 3190 877 3245 sive
888 3207 999 3262 genere,
1011 3190 1068 3244 sive
1079 3189 1175 3262 gredi·
