2656 3992
329 173 1191 281 mmmmmmmmmmmmmmmicmmmm

331 259 1193 346 omoeoeececoeoeocemem

316 442 427 509 †Parte
447 442 503 497 alia
521 442 660 508 mulieres,
680 448 760 498 veste
774 443 865 514 scissi,
883 443 1004 500 crinibus
1020 445 1115 500 solutis
1133 448 1171 502 ad

315 529 493 584 morientium
512 529 614 584 cubilia
634 526 732 585 fientes
752 537 916 602 orantesque
936 531 1092 595 intuemur;
1113 532 1172 588 alia
1317 519 1318 546 r

315 633 366 687 per
378 623 470 672 vastos
488 616 613 672 ioeditate
628 617 701 672 locos
717 618 817 674 exilem
833 619 961 674 umbram
980 635 1061 673 curru
1076 619 1171 674 invec-

316 711 383 767 tam,
403 721 487 774 quem
507 704 582 775 genii
602 704 779 773 comitantur,
800 703 847 760 alii
866 704 990 770 benefici,
1010 705 1171 771 candentes,

316 790 382 844 alati
400 790 458 860 Dii,
478 790 525 844 elii
542 797 612 844 tetro
626 791 707 846 vultu
726 791 920 862 securibusque
937 789 1051 854 armeti;
1073 792 1172 861 procul
1316 815 1318 870 4

316 877 400 930 Erebi
407 876 532 947 januam,
545 884 693 947 portasque
704 876 826 945 ferratas,
840 883 902 931 tum
919 877 1010 948 ipsum
1029 877 1170 944 Mantum,

310 962 435 1034 judicem
452 964 632 1028 Umbrarum,
648 963 678 1016 in
696 964 763 1018 solio
781 964 932 1029 sedentem,
952 963 1101 1034 geniosque
1117 979 1171 1034 pro

315 1050 410 1104 anima
424 1050 617 1120 deprecantem
633 1049 891 1119 contrdtManiam,
900 1050 989 1121 eapite
998 1051 1099 1118 velato,
1108 1051 1171 1120 pai-

315 1137 398 1209 laque
411 1137 447 1190 ad
462 1136 545 1207 pedes
561 1135 713 1206 diffluente,
730 1136 869 1208 hospitem
885 1136 963 1206 quasi
975 1137 1074 1191 dextra
1086 1137 1171 1192 corri-

315 1224 448 1294 pientem.
485 1224 524 1278 At
537 1223 626 1294 qualis
643 1223 692 1277 illa
707 1224 845 1294 parietum
861 1224 1005 1280 ceelatural
1030 1223 1079 1293 qui
1095 1223 1171 1278 colo-

316 1328 378 1364 rum
391 1309 534 1380 splendort
554 1327 616 1380 qum
628 1310 727 1365 frontis
738 1310 882 1382 majestas!
901 1316 1005 1379 quanta
1019 1308 1171 1374 effectuum

316 1396 505 1452 vehementia!
530 1414 615 1466 quam
640 1397 675 1450 ad
698 1397 758 1451 haec
780 1396 873 1451 omnia
897 1395 1078 1466 exprimenda
1099 1396 1171 1451 mire

315 1483 459 1554 compositi
478 1482 587 1536 vultus!
625 1482 731 1538 Rursus
748 1483 896 1538 barbarum
916 1482 1058 1553 quoddam
1078 1489 1106 1536 et
1125 1482 1170 1536 in-

315 1571 403 1624 forme
418 1569 560 1639 sculpendi
575 1585 671 1638 genus,
684 1576 806 1624 monstra
818 1569 959 1636 immania,
972 1569 1068 1641 figurae
1082 1568 1169 1623 bifor-

315 1673 382 1725 mes,
405 1656 510 1726 alisque
528 1655 683 1710 convolutis
703 1654 861 1725 insenum
893 1655 964 1724 §Dii
983 1673 1092 1726 quoque
1115 1655 1171 1725 ipsi

315 1741 398 1798 modo
415 1747 583 1814 serpentum,
604 1743 687 1796 modo
704 1743 916 1812 quadrupedum
935 1741 1038 1813 figuras
1053 1741 1106 1796 visi
1124 1741 1170 1794 in-

315 1829 409 1898 duere,
424 1828 508 1882 etiam
523 1827 654 1885 animalia
667 1829 740 1883 inter
751 1847 779 1882 se
796 1845 960 1900 repugnare,
974 1833 1002 1882 et
1013 1828 1091 1898 quasi
1107 1829 1172 1882 uni-

314 1933 394 1974 versa
404 1921 507 1970 ¹natura
523 1933 588 1970 cum
603 1922 690 1970 semet
705 1915 765 1986 ipsit
781 1915 919 1970 reluctari.
957 1915 1084 1968 Plurima
1101 1932 1170 1970 vero

316 2003 390 2074 apud
406 2001 569 2062 recentiores
584 2018 602 2055 a
614 2002 719 2059 Graecis
734 2003 880 2073 desumpta
896 2008 991 2056 notare
1006 2001 1079 2070 licet,
1095 2001 1170 2056 Cen-

316 2096 409 2144 tauros
421 2086 613 2154 δενδροφορούς,
624 2088 775 2142 Herculem
785 2089 896 2142 leoninis
908 2087 980 2159 pelle
989 2087 1168 2158 succinctum,

316 2176 489 2248 Satyrorum,
501 2175 658 2246 Dryadum,
669 2174 820 2230 Nereidum
837 2175 936 2228 formas
948 2191 1029 2244 paene
1038 2173 1168 2229 innume·

314 2263 429 2331 rabiles;
456 2279 519 2332 quar
535 2261 558 2314 si
574 2277 629 2314 non
645 2267 771 2314 vetemm
787 2277 925 2316 sacrorum
946 2259 1168 2330 exstinctionem,

315 2355 427 2404 atcerte
440 2347 665 2418 depravationem
676 2347 810 2401 indicant.

351 2432 1168 2505 RecolentibusEtruseorumreliquiasquaestioobversatur,

315 2539 443 2593 quanam
450 2521 499 2576 illa
507 2538 570 2576 cum
579 2519 689 2576 Graeciis
697 2519 868 2587 consociatio,
876 2537 938 2590 quae
945 2519 974 2574 iu
983 2521 1171 2574 monumentis

315 2608 476 2678 reperiatur.
506 2609 624 2662 Ferebat
635 2606 709 2661 fama
717 2608 900 2661 Demaratum
914 2606 1091 2661 Corinthium
1104 2624 1169 2661 cum

315 2694 477 2764 Tarquinios
484 2694 591 2748 veniret
601 2693 722 2748 Euchira
729 2701 757 2747 at
764 2693 964 2765 Eugrammum
973 2711 1065 2748 secum
1073 2691 1169 2748 tulisse

314 2781 430 2851 picturae
452 2781 555 2838 seilicet
574 2786 602 2834 et
622 2779 770 2850 sculpturas
788 2780 953 2834 inventores.
989 2779 1081 2834 Alicui
1102 2797 1169 2835 vero

290 2910 291 2915 κ
314 2867 468 2922 accuratius
488 2884 546 2920 rem
565 2865 730 2936 inspicienti,
751 2873 859 2922 coastat
878 2865 1062 2936 antiquiorem
1084 2865 1169 2920 fuisse

314 2954 380 3008 artis
398 2953 516 3008 formam
530 2959 559 3008 et
572 2970 590 3006 a
608 2952 709 3008 Graes
726 2952 930 3022 alienissimam,
944 2952 1020 3022 cujus
1035 2952 1119 3006 etiam
1137 2953 1167 3006 in

377 3152 387 3191 t
401 3146 477 3188 Mioali
486 3145 539 3187 Tab.
549 3147 588 3187 lvi.
599 3158 657 3186 xxx.
668 3147 701 3189 ix.
871 3146 880 3193 t
898 3145 972 3185 Mirali
983 3145 1036 3185 Tab.
1047 3145 1105 3186 xxii.

618 3223 628 3272 §
643 3221 719 3262 Micali
728 3221 780 3261 Tae.
790 3221 867 3260 xcviii.

330 3428 1001 3599 QQQQQWU
1036 3480 1145 3591 341,
1171 3483 1176 3553 ;
