2656 3992
252 432 254 437 ’
311 444 417 515 legium
424 443 506 499 fuisse
514 445 639 512 sociatos,
651 447 699 517 qui
710 446 799 517 priscis
807 453 900 502 tamen
908 453 990 503 aetate
1002 449 1164 520 reipublicae

312 549 448 602 nusquam
467 533 565 587 Romae
583 534 690 587 inventi
708 543 781 598 sunt,
794 551 902 604 semper
916 553 981 589 vero
996 534 1166 590 ab'Etruria

311 619 400 673 acciti.
437 620 502 673 Jam
523 621 574 674 sub
591 621 813 690 imperatoribus,
835 622 993 692 aruspicum
1009 621 1164 692 disciplina,

311 721 375 759 cum
384 706 547 760 aObaldoeis
557 713 688 777 corrupte
699 715 727 762 et
738 709 889 777 depravata
897 715 976 778 esset,
987 709 1016 762 in
1027 715 1165 763 astrorum

311 799 388 846 motu
399 793 585 863 natalitiisque
596 810 625 848 se
636 795 798 849 exercebat:
822 795 906 848 etiem
920 813 984 849 eum
997 796 1092 866 purior
1104 795 1164 851 Ro-

311 895 456 933 manorum
475 881 565 934 cultus
586 882 710 934 nondum
729 882 876 952 peregrine
894 882 1087 952 superstitione
1109 882 1165 936 im-

310 965 395 1019 butus
407 972 486 1030 esset,
504 967 571 1021 scire
586 967 781 1022 difficillimum
795 967 863 1038 quid
883 969 1017 1035 Etruscis,
1029 970 1097 1040 quid
1111 969 1164 1023 Sa-

309 1051 391 1116 binis,
405 1054 472 1123 quid
487 1053 603 1108 Graecies
617 1054 735 1125 denique
749 1054 928 1108 tribuendum
940 1056 983 1110 sit.

345 1138 461 1208 Siquis
484 1139 553 1194 forte
574 1140 753 1194 Etruscorum
776 1139 949 1212 relligionem
973 1159 1038 1195 cum
1061 1141 1163 1196 Graecai

310 1243 468 1296 comparare
479 1226 556 1292 velit,
563 1227 653 1280 multa
664 1227 774 1292 similia,
787 1228 876 1280 multu
888 1245 998 1298 quoque
1011 1229 1120 1282 diversa
1132 1229 1162 1282 in

309 1312 342 1366 iis
354 1312 486 1366 inveniet.
525 1312 593 1366 Erat
605 1313 679 1367 enim
696 1313 783 1367 altera
794 1331 828 1367 ex
842 1322 986 1385 poetarum
999 1316 1164 1370 commentis

309 1405 337 1453 et
353 1395 469 1453 heroum
479 1401 555 1454 cultu
569 1408 651 1469 nata3
670 1401 759 1454 altera
774 1401 809 1454 ab
822 1401 934 1455 orientis
948 1401 1025 1456 fonte
1038 1403 1123 1456 ducta
1132 1409 1165 1456 et

309 1486 338 1540 in
347 1492 454 1541 naturae
465 1487 556 1556 posita
568 1487 810 1556 contemplatione.
838 1488 904 1541 Fuit
914 1487 975 1542 haec
985 1488 1164 1559 optimatium

308 1573 425 1644 relligio,
435 1573 483 1627 illa
492 1573 648 1644 popularis3
662 1572 722 1627 hoec
733 1574 808 1638 artis,
816 1573 864 1626 illa
876 1581 999 1644 naturae3
1013 1575 1072 1630 haec
1085 1593 1162 1630 sum·

309 1677 368 1713 mas
380 1666 490 1713 tantum
502 1677 593 1714 rernm
604 1660 706 1715 formas
717 1659 815 1714 leviter
826 1660 990 1732 attingebat,
1001 1661 1050 1714 illa
1061 1662 1162 1716 mundi

308 1747 441 1816 mysteria
458 1753 485 1800 et
502 1746 589 1800 futuri
605 1746 659 1800 aevi
675 1747 860 1801 conditionem
876 1747 958 1800 altius
977 1747 1161 1803 scrutabatur.

309 1832 415 1887 Graecis
431 1839 533 1899 antem,
547 1851 610 1887 oum
628 1833 721 1886 nullus
737 1839 808 1886 esset
823 1829 1007 1888 sacerdotium
1022 1835 1097 1902 ord0,
1109 1835 1161 1904 qni

307 1919 366 1972 ullo
373 1918 602 1974 intersevinculo
610 1926 780 1988 tenerentur,
788 1921 968 1975 Etruseorum
976 1921 1163 1988 Lucumones,

307 2021 363 2060 non
382 2008 466 2060 modo
487 2025 504 2060 a
522 2008 619 2061 ceteris
637 2007 756 2077 separati
775 2013 863 2074 erant,
884 2025 982 2060 verum
1000 2007 1161 2062 universam

306 2101 418 2166 gentem
432 2095 594 2149 auctoritate
606 2095 728 2165 quddam
741 2095 874 2166 regebant
887 2094 990 2147 divina.
1029 2095 1074 2148 Ita
1093 2111 1158 2148 cum

306 2181 415 2252 relligio
427 2181 588 2236 Graecomm
606 2181 642 2234 ed
658 2181 848 2251 depravandos
865 2181 957 2250 potius
974 2197 1063 2234 mores
1080 2181 1155 2236 viam

306 2269 495 2338 praemuniret,
504 2268 577 2338 quod
589 2269 650 2338 ipsa
662 2284 771 2337 quoqne
780 2268 904 2320 Deorum
916 2268 1028 2322 licentia
1040 2285 1156 2338 peccan-

307 2354 336 2407 di
348 2355 489 2408 licentiam
507 2354 665 2408 hominibus
678 2354 847 2422 concederet,
863 2355 1041 2408 Etruseorum
1057 2362 1157 2410 contra

304 2442 462 2510 superstitio
468 2442 605 2512 juveniles
617 2441 723 2494 animos
733 2441 902 2508 informavit,
915 2442 1067 2496 inferorum
1079 2448 1157 2496 metu

306 2529 493 2599 teterrimique
505 2528 631 2599 supplicii
644 2547 661 2582 a
674 2527 780 2600 flagitio
792 2528 934 2582 determit.

339 2616 404 2669 Alia
424 2615 477 2670 fuit
501 2617 594 2686 opinio
618 2633 722 2681 eorum,
743 2633 804 2686 quae
824 2615 946 2668 numeris
965 2630 1027 2667 eam
1045 2615 1103 2668 vim
1128 2621 1157 2668 et

305 2708 434 2756 naturam
457 2703 604 2770 tribuebat,
629 2709 662 2756 ut
685 2703 713 2754 in
734 2703 767 2755 iis
788 2702 913 2755 divinum
938 2699 1071 2771 quiddam
1096 2718 1155 2756 esse

305 2789 416 2843 diceret.
452 2791 507 2842 Res
520 2789 594 2842 enim
606 2807 701 2843 omnes
713 2788 793 2843 certis
809 2796 966 2858 tempomm
977 2786 1080 2842 finibus
1091 2787 1155 2842 des·

304 2875 455 2943 cribebant,
474 2893 542 2946 quos
555 2877 612 2929 dies
629 2876 817 2946 appellabant,
830 2891 948 2945 quorum
962 2875 1029 2928 alios
1045 2874 1156 2930 homin-

304 2962 373 3026 ibus,
393 2963 460 3017 alios
482 2963 648 3030 nationibus,
667 2963 733 3016 alios
751 2962 878 3015 universo
898 2960 1043 3016 hominum
1061 2963 1157 3033 generi

304 3050 488 3120 assignabant.
516 3051 557 3104 Ut
569 3050 643 3103 enim
656 3049 749 3116 solem,
763 3049 868 3112 lunam,
883 3047 974 3101 stellas
986 3055 1060 3102 certo
1073 3054 1155 3102 motu

303 3136 452 3208 circumagi
465 3137 601 3205 viderent,
611 3153 730 3206 quorum
744 3136 812 3190 alios
824 3135 962 3202 latiorem,
975 3134 1042 3188 alios
1054 3152 1157 3205 angus-

304 3222 401 3276 tiorem
417 3239 518 3295 gyrum
537 3223 678 3291 conficere,
700 3227 733 3276 ut
752 3223 810 3277 dies
827 3239 960 3290 mensem,
981 3239 1086 3276 menses
1102 3239 1155 3276 an·
