2656 3992
334 427 363 476 et
378 417 540 477 sacerdotali
558 437 671 474 munere
687 419 795 474 functos
810 427 840 474 et
856 416 923 473 balli
938 417 1021 476 duces
1036 416 1184 482 exstitisse.

334 507 488 564 Verisimile
500 514 549 577 est,
564 524 627 562 cum
640 505 780 577 popularis
793 505 901 560 concilii
913 521 948 558 ne
961 505 1064 560 mentio
1073 505 1191 575 quidem

334 600 466 662 occurrat,
483 610 606 663 proceres
623 611 640 646 a
660 593 755 647 ceteris
775 592 916 646 ordinibus
936 593 1046 662 penitus
1063 592 1191 646 exclusos

334 686 363 734 et
386 685 524 750 separatos
550 677 642 734 tuisse.
691 680 734 733 Ea
757 679 870 749 quidem
899 679 1027 732 ordinum
1051 678 1188 748 separatio

333 764 454 820 maxime
470 765 542 819 vires
556 766 735 820 Etruscorum
752 763 887 835 disjunxit
900 763 992 836 atque}
999 762 1188 832 labefactavit,

333 869 397 906 cum
411 852 522 923 plebem
535 852 642 905 nullam
657 853 790 906 Romanae
808 851 926 904 similem
943 849 1017 921 plebi
1031 848 1189 919 respublica

332 938 456 992 haberet.
495 937 558 1000 Quo
575 938 650 992 enim
668 938 742 991 nord
761 936 865 991 civium
884 935 1091 1006 municipumve
1111 933 1187 988 mul·

332 1023 452 1077 titudine
468 1022 606 1089 affluente,
620 1025 807 1078 Romanorum
825 1022 922 1076 civitas
940 1021 1023 1075 letius
1039 1020 1140 1092 patuit,
1153 1037 1188 1074 eo

332 1109 485 1182 angustius,
504 1110 686 1177 decrescente,
704 1116 736 1163 ut
760 1109 838 1174 solet,
857 1107 1034 1179 optimatium
1058 1125 1188 1172 numero,

333 1196 513 1262 Etruscorum
526 1196 676 1267 oligarchia
687 1196 801 1250 definita
812 1201 861 1248 est.
899 1195 998 1264 ltaque
1014 1194 1043 1248 in
1060 1201 1188 1248 extremo

332 1283 380 1338 illo
402 1299 465 1337 cum
485 1282 619 1336 Romanis
640 1282 798 1345 certamine,
819 1281 892 1335 vires
912 1280 1002 1352 gentis
1022 1281 1185 1334 exhaustae:

330 1387 398 1424 mox
420 1386 476 1422 uno
497 1369 619 1423 alterove
639 1369 736 1439 prrelio
755 1368 924 1421 debellatum
945 1373 996 1421 est.
1034 1366 1111 1420 Nihil
1134 1366 1186 1420 illa

330 1455 421 1510 feralis
433 1454 599 1526 superstitio,
613 1455 683 1508 nibil
698 1455 872 1509 servitiorum
882 1452 1000 1506 imbellis
1019 1452 1181 1520 multitudo,

331 1542 400 1595 nibil
416 1541 537 1596 universi
551 1541 723 1612 populicum
737 1539 907 1594 Samnitibus
924 1538 1076 1610 conjuratio
1088 1543 1186 1592 contra

332 1629 454 1699 integras
466 1626 552 1681 hostis
563 1628 634 1681 vires
646 1633 675 1681 et
685 1627 842 1680 libertatem
854 1631 1040 1679 renascentem
1052 1623 1175 1678 valebat.

367 1714 480 1768 Etenim
497 1715 611 1768 societas
625 1713 687 1782 ista,
701 1731 763 1784 quse
775 1711 920 1765 duodecim
937 1710 1008 1764 inter
1025 1727 1053 1764 se
1067 1710 1187 1780 populos

331 1818 382 1872 per
404 1806 446 1854 tot
467 1799 567 1854 saecula
591 1798 738 1872 colligavit,
763 1799 852 1869 specie
875 1797 964 1867 magis
988 1813 1072 1866 ‘luam
1095 1797 1188 1867 reipsri

332 1886 436 1941 stabilis
457 1885 641 1941 existimanda
658 1892 708 1939 est.
745 1885 814 1947 Quae
834 1884 945 1955 quidem
967 1883 1100 1954 ejusmodi
1120 1882 1185 1952 fuit,

331 1990 394 2044 quae
414 1974 488 2044 apud
502 1973 614 2028 Graecos
627 1973 807 2039 Ἀμφικτιονία
820 1971 928 2038 dicitur,
945 1987 1001 2023 non
1018 1970 1052 2023 ad
1071 1975 1186 2041 gentem

334 2059 565 2113 commiscendam
581 2065 655 2127 nata,
672 2076 770 2112 verum
787 2058 822 2111 ad
841 2055 990 2110 domestice
1003 2056 1076 2110 bella
1089 2056 1185 2126 prohi-

332 2145 425 2198 benda
441 2151 469 2198 et
484 2144 643 2199 inimicitias
660 2144 816 2215 placandas.
855 2143 925 2205 Quoe
946 2142 1020 2196 enim
1033 2141 1184 2196 discordia-

332 2249 395 2286 rum
412 2231 475 2285 finis
488 2236 566 2299 esset,
581 2231 604 2284 si
617 2231 648 2284 in
663 2231 726 2284 rudi
740 2230 876 2300 ferocique
891 2245 950 2283 aevo
963 2227 1061 2281 vicinae
1076 2233 1184 2299 gentes,

336 2318 543 2389 populabundus
556 2317 645 2388 magis
650 2334 735 2386 quam
739 2316 808 2386 justi
820 2333 895 2369 more
907 2313 983 2382 belli,
994 2314 1103 2368 aeternis
1111 2314 1187 2368 iuter

333 2421 362 2458 se
388 2402 573 2456 simultatibus
599 2405 753 2456 certarent?
791 2401 914 2472 Singulae
939 2401 1025 2471 igitur
1050 2400 1186 2468 civitates,

332 2507 396 2544 cum
414 2507 457 2543 res
478 2487 554 2542 domi
573 2488 692 2558 forisque
710 2487 943 2550 administrarent,
956 2487 1029 2540 bella
1043 2493 1181 2558 gererent,

333 2575 511 2647 magistratus
533 2581 666 2642 crearent,
688 2591 831 2644 nunquam
855 2579 949 2627 tamen
967 2573 1044 2626 civili
1063 2572 1136 2627 inter
1155 2591 1186 2628 se

333 2662 397 2716 odio
427 2665 596 2716 exarserunt.
628 2660 699 2721 Quae
726 2677 791 2714 sane
822 2659 987 2729 populorum
1015 2660 1180 2730 conjuratio,

333 2749 399 2802 licet
417 2763 559 2816 nunquam
579 2746 722 2814 dissolute,
742 2763 866 2816 persaepe
886 2751 981 2798 tamen
999 2753 1128 2814 quassate
1152 2755 1183 2801 et

332 2834 480 2888 immutata
496 2831 563 2886 fuit:
584 2838 690 2886 veteres
707 2832 830 2886 civitates
849 2832 981 2901 expulsae,
996 2848 1130 2903 novaeque
1152 2834 1184 2888 in

333 2920 422 2973 foedus
446 2926 581 2989 receptae:
606 2919 705 2990 quibus
725 2919 761 2972 ad
778 2919 937 2973 Voltumnae
960 2918 1057 2972 fanum
1081 2935 1186 2974 conve·

334 3006 473 3060 nientibus
486 3024 501 3059 e
515 3005 721 3060 Lucumonibus
736 3012 853 3071 creatus,
866 3021 948 3075 quem
961 3003 1070 3059 lictores
1081 3005 1187 3078 singuli

333 3109 389 3146 sure
405 3092 519 3163 quisque
538 3092 665 3161 civitatis,
683 3090 866 3147 communiter
881 3090 909 3144 in
927 3091 1067 3145 universos
1081 3093 1186 3162 praedi-

335 3185 428 3232 carent
440 3195 543 3249 regem.
1166 3187 1168 3196 ’
