2656 3992
332 453 385 506 bue
404 459 596 506 reverteretur.
631 451 720 504 Janus
733 456 826 505 autem
845 449 868 504 is
885 457 952 516 erat,
972 448 1181 520 quemEtrusei

330 540 400 594 coelo
408 539 586 610 premerent,
594 539 641 608 qui
649 537 799 606 cardinem,
807 537 856 608 qul
864 538 1049 592 decumanum
1058 535 1087 588 in
1095 552 1181 591 manu

329 632 437 680 teneret
452 631 677 694 converteretque
688 629 715 690 :†
733 624 861 694 idemque
881 622 1042 678 aRomanis
1061 622 1181 675 transla-

331 719 376 766 tus
384 713 479 783 januas
492 711 656 782 praepositus
669 716 719 778 est,
733 727 802 780 quos
817 709 964 764 verisimile
979 709 1015 762 sit
1025 725 1058 762 ea
1069 725 1131 778 quae
1144 709 1181 764 ab

330 798 454 853 Etruscis
467 799 634 868 accepissent
645 813 709 850 cum
722 796 884 850 Latinorum
897 798 979 850 sacris
990 795 1179 850 immiscuisse.

329 886 368 938 At
378 886 565 939 Vertumnum
578 887 597 914 “
610 883 704 936 Deum
716 883 836 936 Etruriae
849 883 1021 953 principem''
1034 882 1107 952 apud
1121 880 1180 936 Ro-

329 988 426 1025 manos
437 971 522 1024 etiam
533 972 562 1024 in
582 970 678 1024 eodem
697 969 825 1022 habitum
841 969 945 1023 honore
958 968 1121 1039 accepimus,
1135 969 1180 1022 cui

328 1065 425 1128 gentes
439 1059 528 1112 ambae
544 1075 645 1110 munus
661 1056 730 1110 illud
743 1056 908 1118 tribuerunt,
921 1062 954 1110 ut
974 1057 1040 1108 anni
1057 1063 1178 1125 tempes-

328 1148 398 1195 tates
415 1146 532 1212 regeret,
550 1157 697 1210 rerumque
715 1139 840 1194 omnium
854 1146 929 1193 certo
946 1139 1042 1192 ordine
1058 1138 1178 1193 circum-

328 1233 423 1298 egerat
438 1227 614 1284 mutationes.
652 1226 749 1280 Statua
765 1226 824 1297 ejus
845 1226 942 1280 Romae
964 1225 993 1278 in
1009 1225 1097 1279 Tusco
1117 1225 1179 1278 vico

327 1315 433 1382 locata;
453 1314 542 1367 cultus
551 1314 690 1380 Etruscus,
705 1312 789 1366 etiam
801 1329 903 1366 nomeu
911 1331 928 1366 a
941 1312 1073 1366 Romanis
1085 1327 1178 1366 serva-

327 1404 412 1467 tumi
449 1400 524 1462 Quid
543 1399 670 1471 singula?
708 1400 781 1452 Nam
797 1399 941 1453 universus
958 1397 1039 1470 poend
1052 1399 1178 1452 Deorum

327 1488 448 1540 mundus
462 1504 496 1540 ex
510 1487 690 1540 Etruscorum
703 1487 773 1540 eoelo
785 1487 976 1540 descendebat.
1014 1485 1089 1538 Hinc
1101 1485 1178 1538 enim

327 1573 471 1641 Saturnus,
485 1573 549 1626 hinc
564 1573 656 1640 Ceres,
677 1571 741 1626 binc
757 1573 903 1642 Neptunus
921 1572 1020 1626 etiem:
1040 1588 1096 1626 non
1114 1571 1177 1626 illos

326 1661 387 1715 dico
404 1661 478 1714 Deos
496 1661 577 1730 ipsos,
593 1659 640 1712 sed
658 1658 771 1712 nomina
785 1659 925 1728 quaedam,
946 1675 1065 1728 quorum
1080 1663 1177 1712 tamen

325 1747 384 1801 vim
397 1753 425 1801 et
436 1753 572 1814 namnam,
586 1762 642 1799 non
654 1761 670 1798 e
681 1754 774 1800 vetere
784 1762 899 1798 avorum
910 1763 971 1812 usu,
980 1746 1029 1798 sed
1042 1763 1056 1798 e
1070 1744 1177 1798 Graecis

326 1832 426 1888 sabulis
439 1831 559 1886 Romani
573 1831 772 1902 explicuerunt.
800 1831 1011 1901 Jovemautem,
1023 1831 1175 1898 lunonem,

327 1921 538 1988 Minervamque
561 1935 577 1970 a
601 1917 751 1988 Tarquinio
776 1916 896 1972 Romam
919 1918 1065 1971 translatos
1089 1918 1175 1970 etiam

325 2007 515 2060 Romanorum
530 2003 641 2058 annalia
654 2011 879 2074 commemorant,
894 2022 963 2074 quos
979 2021 1054 2058 more
1074 2005 1174 2057 Etrus-

324 2109 419 2147 eorum
437 2092 467 2145 in
483 2108 572 2144 uuum
586 2089 721 2144 confertos
741 2091 770 2144 in
783 2091 920 2161 Capitolio
936 2092 1070 2146 colebant.
1106 2091 1124 2144 J
1127 2108 1174 2144 am

324 2179 460 2249 aruspices
473 2184 501 2232 et
512 2176 582 2232 fabri
595 2178 630 2230 ad
647 2177 839 2232 aedificandum
851 2178 987 2248 templum
1005 2178 1039 2231 ab
1059 2177 1175 2232 Etrurii

324 2265 422 2318 acciti:
451 2264 516 2318 fana
540 2263 714 2332 Sabinorum,
744 2282 807 2334 quae
831 2282 848 2317 a
871 2265 951 2338 'latio
973 2281 1038 2335 rege
1058 2265 1119 2335 jam
1142 2263 1173 2316 in

322 2351 402 2405 initio
413 2352 489 2405 urbis
501 2358 565 2405 vota
578 2357 675 2418 esseut,
689 2358 869 2422 exaugurats.
908 2351 978 2406 Haeo
991 2351 1045 2405 tria
1055 2351 1172 2404 numina

322 2437 408 2506 fuere,
426 2455 488 2507 ques
502 2438 532 2489 iu
548 2437 624 2490 omni
642 2437 822 2492 Etruscorum
841 2438 943 2509 oppido
964 2438 1039 2492 culta
1060 2438 1172 2492 vinculo

322 2525 444 2596 quodam
464 2524 614 2595 relligionis
634 2524 707 2578 iuter
725 2542 754 2578 se
773 2525 903 2579 videntur
923 2525 1064 2588 contineri.
1103 2525 1171 2578 Erat

322 2611 397 2666 enim
413 2611 525 2681 Jupiter
542 2612 712 2665 terrestrium
730 2629 824 2665 rerum
839 2613 975 2680 columen,
993 2613 1041 2682 qui
1059 2612 1171 2684 fulgura

321 2697 484 2752 immitteret
502 2697 551 2768 qui
570 2704 650 2752 terrae
671 2706 762 2751 motus
779 2705 1019 2769 tempestatesque.
1056 2699 1169 2754 Ceteros

322 2783 473 2838 Consentes
485 2785 559 2838 Deos
575 2784 658 2856 hujus
670 2786 818 2839 concilium
835 2803 891 2838 esse
903 2785 1059 2848 voluerunt,
1072 2787 1121 2856 qui
1137 2793 1170 2840 ut

320 2871 426 2940 ipsein
448 2871 515 2925 solio
536 2871 642 2941 sedens,
667 2889 807 2926 summum
828 2872 961 2926 honorem
984 2875 1082 2945 gentis,
1109 2874 1168 2928 sive

319 2974 378 3025 reu,
392 2957 449 3010 sive
467 2957 584 3012 dictator
601 2959 623 3011 is
643 2957 734 3026 fuerit,
753 2960 945 3026 adumbrabat,
965 2961 1004 3014 sic
1020 2961 1061 3014 illi
1078 2979 1168 3032 popu-

318 3043 359 3098 los
371 3043 516 3100 duodecim
528 3045 563 3098 ad
575 3045 733 3102 Voltumnae
749 3045 845 3100 fanum
862 3055 1032 3116 convocatos,
1046 3049 1168 3122 imagine

418 3240 427 3280 t
442 3234 532 3276 Mulier.
543 3235 618 3278 Etrus.
629 3236 674 3278 ΙΙΙ.
687 3241 708 3285 3,
717 3241 737 3278 t.
848 3239 860 3288 t
875 3237 923 3278 Lis.
933 3237 986 3278 Vll.
996 3243 1016 3278 ³.
