2656 3992
178 447 378 519 respiciebant3
405 464 470 502 mox
486 448 539 519 ipsi
555 449 577 503 si
593 449 623 502 in
638 451 766 505 obeundo
782 450 872 506 officio
884 452 992 506 fortiter
1004 471 1033 508 ss

178 532 335 605 gessissent,
352 535 380 587 in
401 535 517 589 alterum
537 536 691 592 divinitatis
712 538 830 609 gradum
850 539 926 604 elati,
949 540 1034 594 Genii

179 622 265 676 creati
283 628 357 676 sunt.
397 621 444 676 Sic
459 623 587 677 universa
600 624 725 678 Deorum
741 624 891 679 multitudo
904 633 932 679 et
948 627 1032 681 celes-

179 708 251 760 tium
277 715 306 761 et
329 706 479 762 inferorum
503 709 634 780 gradibus
657 710 730 764 inter
754 727 782 764 se
806 728 942 778 connexa,
971 731 1032 768 om·

178 794 313 865 niumque
327 794 510 848 animantium
524 803 630 850 naturae
647 796 727 867 paena
745 797 853 851 infinita
864 800 933 854 serie
945 800 1033 854 conti-

180 889 283 936 nuatae.

215 968 366 1022 Veniamus
384 969 420 1022 ad
440 968 597 1039 aruspicum
618 969 802 1040 disciplinam,
823 988 916 1042 quam,
934 989 998 1025 cum
1018 990 1035 1026 a

181 1055 314 1109 Romanis
333 1072 368 1109 ex
390 1055 504 1108 Etnrrid
526 1055 651 1109 adhibita
667 1057 711 1125 sit,
733 1075 768 1110 ex
787 1057 898 1112 illorum
915 1075 968 1111 usn
983 1076 1033 1128 po-

180 1141 236 1194 tius
256 1158 341 1211 quam
358 1159 374 1195 e
391 1141 468 1194 libris
488 1142 610 1196 Etruscis
628 1143 792 1213 explicanda
811 1152 859 1198 est.
897 1144 963 1198 Jam
983 1147 1034 1200 sub

181 1227 330 1299 Tarquinio
348 1244 422 1298 rege,
442 1234 512 1281 teste
533 1228 621 1297 Livio,
641 1231 791 1301 auguribus
811 1231 1034 1301 sacerdotioque

181 1332 318 1386 augurum
335 1314 358 1368 is
374 1315 461 1368 honos
473 1315 594 1383 accessit,
612 1322 644 1370 ut
659 1317 729 1371 nihil
745 1318 813 1371 belli
831 1317 962 1388 domique
982 1318 1034 1371 nisi

181 1401 321 1472 auspicato
344 1406 494 1473 gereretur.
534 1401 666 1456 Decrevit
683 1411 780 1474 postea
802 1411 921 1472 senatus,
946 1411 980 1458 ut
999 1405 1034 1458 de

181 1489 338 1560 principum
350 1487 423 1555 filiis,
437 1505 485 1541 sex
498 1487 613 1559 singulis
626 1490 744 1545 Etruriae
762 1491 872 1562 populis
891 1490 1032 1544 traderen-

181 1583 227 1629 tur
250 1576 279 1629 in
300 1574 484 1644 disciplinam.
524 1575 594 1635 Quae
611 1576 724 1646 quidem
744 1577 888 1647 disciplina
908 1576 938 1628 in
956 1585 1034 1631 exto·

181 1680 243 1716 rum
260 1662 425 1733 cognitione,
440 1661 469 1714 in
484 1661 628 1732 fulgurum
643 1665 844 1732 procuratione,
861 1663 890 1716 in
905 1664 1035 1718 monstris

179 1749 369 1820 portantisque
386 1747 559 1818 explicandis
576 1748 697 1803 maxime
721 1751 890 1804 versabatur.
927 1749 1035 1820 Optimi

98 1897 100 1901 .
183 1835 296 1906 auguris
316 1841 384 1898 erat,
404 1833 498 1887 avium
517 1835 649 1904 strepitus
668 1835 831 1906 volatusque
851 1836 1034 1904 interpretari,

181 1941 231 1977 cur
247 1921 306 1975 aliis
324 1921 463 1986 adextret,
480 1921 569 1975 aliisa
585 1922 656 1976 laevd
672 1929 765 1976 ratum
780 1928 850 1976 esset
862 1922 1032 1992 auspicium3

183 2009 253 2080 quid
268 2009 376 2078 quaque
394 2008 456 2062 coeli
479 2014 558 2078 parte
576 2015 684 2064 ostenta
701 2023 818 2079 quaeque
837 2008 1032 2080 significarent.

184 2093 295 2148 Coelum
306 2101 398 2148 autem
410 2094 439 2146 in
457 2095 536 2149 XVI.
549 2102 642 2165 partes
657 2095 810 2148 diviserunt
823 2095 948 2148 Etrusci:
976 2101 1035 2147 tam

185 2179 332 2250 multiplex
352 2187 380 2234 et
399 2180 478 2251 paend
499 2180 608 2234 infinita
628 2180 681 2234 fuit
700 2180 790 2233 omnis
809 2180 857 2232 illa
878 2179 1034 2233 divinarum

183 2285 277 2322 rerum
296 2267 416 2322 scientia.
455 2269 525 2329 Quae
546 2267 649 2337 partim
671 2267 700 2319 in
721 2266 860 2337 opinione,
880 2266 981 2336 partim
1005 2267 1035 2319 in

183 2355 373 2410 observatione
385 2354 517 2408 diuturnis
529 2354 626 2424 posita,
640 2361 673 2408 ut
685 2353 775 2407 omnis
787 2353 844 2407 fare
855 2354 1035 2408 Etnrscorum

181 2441 298 2513 relligi0,
312 2444 410 2495 rudem
422 2441 498 2495 illam
511 2449 539 2494 et
551 2447 687 2512 agrestem
699 2440 835 2512 originem
849 2441 957 2493 summa
968 2440 1035 2494 doc-

180 2529 262 2583 trinae
287 2528 489 2598 verborumque
513 2527 664 2581 subtilitate
689 2528 797 2582 celavit.
836 2527 1036 2597 Reputandum

181 2622 251 2688 quot
271 2615 325 2668 Dei
343 2615 447 2686 figuras
467 2621 496 2669 et
515 2614 708 2668 similitudines
727 2614 811 2684 longo
832 2619 957 2683 tempore
982 2614 1036 2667 sol-

180 2702 262 2758 lertia
279 2702 452 2756 sacerdotum
470 2707 540 2755 esset
558 2701 713 2765 inventura,
735 2718 796 2771 quae
815 2700 917 2754 divinae
935 2699 1037 2754 mentis

180 2789 300 2858 indicia3
328 2805 390 2858 quae
411 2789 500 2859 primo
521 2789 633 2860 quidem
653 2805 699 2841 ore
718 2788 827 2849 tradita,
844 2788 990 2858 paullatim
1006 2788 1036 2840 in

181 2875 393 2930 commentarios
414 2875 509 2940 relata,
528 2874 675 2945 quotannis
694 2892 810 2928 numero
827 2881 855 2927 et
873 2873 1036 2929 difficultate

182 2962 349 3017 crescebant.
388 2962 447 3015 Nec
456 2961 547 3015 minor
558 2962 588 3014 in
601 2961 757 3031 exstispicio
769 2978 835 3014 cura
845 2961 906 3026 fuit,
920 2978 982 3031 quae
1001 2976 1036 3012 ex

182 3049 376 3103 sacrificiorum
389 3049 486 3102 ritibus
493 3054 553 3102 orta
564 3048 730 3118 quibusdam
738 3054 831 3100 tamen
840 3046 922 3100 inniti
927 3045 1038 3100 videtur

183 3135 363 3206 physiologia·
384 3135 529 3189 radicibus.
566 3134 721 3188 Verisimile
732 3137 781 3188 'est
796 3141 828 3188 ut
847 3135 1035 3188 Romanorum

184 3238 302 3293 augures
315 3223 529 3292 sacerdotesque,
543 3221 581 3276 sic
598 3222 775 3276 Etruscorum
789 3221 926 3292 aruspices
938 3220 965 3274 in
980 3219 1037 3274 ool·
