2656 3992
163 434 362 494 recentioribus
378 434 564 495 monumentis
581 436 698 512 vestigia
715 437 845 512 quaedam
861 436 1014 513 deprelrcr'rd

162 526 256 580 denda
275 533 349 581 sunt.
392 527 458 580 Jam
479 526 577 580 fibulas
601 532 720 592 auratas,
744 527 846 582 collum
865 529 1017 583 monilibus

161 620 300 681 ornatum,
314 618 419 667 vestem
432 613 549 684 gemmis
560 613 715 666 stellantem
728 611 817 667 Indiae
831 614 924 684 potius
935 623 1016 670 notas

161 699 274 765 dixeris,
290 715 354 752 oum
372 700 421 752 illa
433 697 520 752 solida
536 705 689 753 statuarum
703 700 798 770 moles,
812 699 904 756 densoe
916 702 1014 772 crines,

161 785 288 838 membra
312 782 440 839 informia
464 785 500 838 ab
524 783 649 856 AEgypto
670 785 789 840 derivari
808 787 944 854 videatur,
965 787 1013 842 sed

159 875 256 924 tamen
271 871 445 941 perspicuum
463 877 513 937 est,
530 871 694 926 recentiores
704 873 833 927 Etruscos
848 889 866 926 a
880 873 1014 928 Corintho

160 957 251 1012 multa
264 965 419 1027 mutnstos;
440 971 505 1011 mox
525 955 639 1012 urbibus
654 975 763 1030 magnse
781 958 898 1013 Graeciae
913 959 1014 1013 eversis

159 1043 264 1097 fontem
286 1044 366 1097 illum
388 1043 550 1099 Graecarum
567 1043 710 1098 literarum
728 1043 758 1097 in
779 1043 890 1098 ltaliam
910 1045 1013 1098 redun-

157 1125 246 1183 disse.

195 1217 325 1272 *Fuisse
347 1218 460 1288 quidem
480 1217 619 1286 Etruscos,
639 1223 672 1272 ut
695 1217 827 1291 singulari
851 1235 918 1293 erga
937 1222 1013 1278 Deos

157 1303 321 1369 reverentii,
341 1303 380 1357 sic
400 1303 540 1374 praeoiput
559 1321 668 1358 morum
687 1305 808 1376 puritate
826 1308 892 1362 sutis
913 1325 963 1379 per
982 1328 1012 1365 se

157 1390 219 1460 ipsa
241 1390 342 1444 artium
367 1397 547 1443 monumenta
574 1391 724 1446 declarent.
773 1391 856 1446 Unde
882 1395 957 1448 enim
981 1396 1011 1448 in

157 1474 348 1529 vetustissimis
366 1475 502 1546 operibus,
519 1493 581 1546 quse
599 1476 663 1531 vere
681 1477 798 1532 Etrusca
814 1478 877 1544 sint,
893 1497 928 1534 ne
945 1488 1012 1535 nota

159 1561 270 1631 quidem
287 1559 406 1616 licentiae
424 1561 585 1632 reperienda
604 1566 666 1617 est?
702 1563 773 1625 Quae
790 1564 862 1619 certe
877 1566 1011 1637 improbis

159 1647 391 1702 calumniatorum
410 1648 524 1702 vocibus
545 1650 708 1719 opponenda
729 1655 802 1716 sunt,
822 1651 870 1722 qui
891 1642 1012 1724 pingues

157 1741 186 1788 et
197 1735 351 1788 luxuriosos
364 1734 509 1806 Synhenos
520 1743 713 1803 memorantes,
728 1753 784 1790 non
793 1743 916 1791 veterem
924 1739 1009 1793 Etru-

157 1821 207 1874 riae
216 1820 360 1890 populum,
370 1820 417 1874 sed
430 1820 583 1890 municipes
594 1821 722 1892 Syllanos
734 1821 849 1876 libidine
862 1829 890 1877 et
899 1824 1010 1879 luxurii

158 1907 304 1961 exhaustos
314 1907 547 1978 perstringebant.
579 1906 675 1962 Mirari
688 1908 757 1961 libet
767 1909 874 1962 nullum
886 1927 1010 1981 unquam

159 2011 195 2046 ex
206 1993 357 2064 peregrinis
369 1993 491 2046 moribus
500 1993 685 2064 corruptelam
697 1993 832 2064 populum
839 1995 1011 2050 maritimum

160 2077 317 2147 suscepisse,
332 2095 382 2132 nec
398 2078 537 2133 licentiam
556 2080 718 2150 popularem
735 2079 807 2134 vires
825 2088 936 2136 nactam
956 2101 1009 2137 un-

161 2181 246 2236 quam
258 2164 287 2216 in
299 2165 459 2219 seditionem
472 2165 602 2235 erupisse.

196 2251 384 2312 Quaerendum
396 2251 482 2322 igitur
494 2269 556 2322 quse
569 2251 658 2304 forma
669 2249 787 2305 civitatis
799 2269 880 2322 super
891 2254 943 2308 hoc
952 2261 1009 2310 tam

160 2338 293 2409 praeclsro
305 2338 457 2409 relligionis
469 2337 650 2392 fundamento
666 2336 795 2408 imposita
811 2339 855 2394 sit.
892 2340 1011 2402 Quodsi

161 2425 242 2479 Festo
257 2425 401 2494 credimus,
416 2423 526 2478 Etrusci
541 2425 637 2479 eodem
655 2423 710 2478 fere
727 2442 783 2494 quo
796 2426 916 2480 Romani
928 2429 1012 2484 modo

158 2511 188 2564 in
209 2511 306 2579 tribus,
325 2509 422 2578 curias,
443 2516 593 2582 gentesque
614 2510 695 2564 divisi
711 2518 798 2580 erant,
817 2530 900 2583 quem
916 2519 1010 2570 tamen

158 2599 291 2670 suspicari
307 2598 380 2665 licet,
397 2614 460 2651 oum
479 2598 513 2650 de
526 2597 649 2651 Etruscis
666 2596 737 2650 nihil
752 2599 865 2653 omnino
877 2602 1011 2671 comperti

158 2686 281 2754 heberet,
303 2703 320 2738 a
341 2700 451 2737 suorum
476 2683 610 2736 institutis
633 2683 694 2737 haec
715 2683 811 2736 eadem
830 2688 1010 2744 transtulisse.

159 2771 281 2844 Singulis
294 2777 387 2824 uutem
400 2769 557 2825 civitatibus
569 2769 655 2823 annui
670 2778 808 2841 praeerant
823 2773 1009 2845 magistratus,

158 2861 207 2931 qui
219 2858 352 2930 quoniam
364 2855 523 2912 continuato
537 2857 651 2926 honore,
664 2858 810 2928 plusquam
827 2860 926 2913 ennuis
938 2866 1011 2916 tem-

156 2947 270 3017 poribus
286 2944 512 3016 defungerentur,
526 2961 633 3014 regesa
648 2943 781 2998 Romanis
793 2944 925 3016 appellati
939 2956 1011 3002 sunt.

159 3030 234 3088 illud
243 3031 316 3088 certe
325 3037 432 3088 constat
438 3048 521 3102 penes
530 3047 631 3101 paucos
642 3030 791 3102 imperinm
800 3030 892 3101 luisse,
901 3033 1011 3088 eosdem

453 3221 464 3245 ⁸
479 3219 545 3262 Nieb.
556 3222 600 3263 vul.
610 3221 626 3264 i.
638 3225 683 3262 luc.
