2656 3992
172 471 251 521 unm,
260 471 418 510 ennosvcro
426 454 555 510 saeculum
563 455 684 526 explere,
694 455 731 510 sie
739 455 766 509 in
776 455 1021 511 divinishumantsa

171 543 226 611 qu'e
243 543 326 596 rebus
338 543 433 598 orbem
445 543 584 613 quendam
595 542 654 596 fieri
669 543 816 612 putebant,
832 543 880 614 qni
896 545 1020 615 gentium

171 628 373 699 hominumque
392 628 516 682 fortunas
532 629 752 700 amplecteretur,
770 647 961 702 summumque
979 631 1020 685 fn·

171 714 257 768 telem
269 715 414 769 conficeret
425 715 544 769 naturali
558 716 681 770 circuitu.
719 718 790 778 Quae
803 717 915 788 quidem
928 718 1021 788 opinio

170 801 206 854 ab
224 801 338 870 oriente,
356 807 388 856 nt
399 801 517 866 videtur,
530 802 657 868 deducte,
671 804 773 874 partim
791 821 826 857 ex
843 804 1020 876 physicarum

170 904 263 941 rernm
277 889 508 960 contemplatione
520 896 580 944 orte
593 889 657 955 fuit,
673 890 776 960 purtim
792 907 828 944 ex
844 890 905 962 ipsi
922 907 1019 945 nume-

170 991 263 1028 rorum
273 975 1020 1048 ratione,quiuteireuliquidaminsemetrevolvuntur.·

171 1061 251 1114 Idem
271 1062 327 1116 fere
347 1062 517 1134 Pythagorei
536 1063 692 1126 voluerunt,
715 1080 778 1118 cum
799 1081 834 1117 ex
851 1064 971 1118 numeris
991 1072 1018 1120 et

169 1148 863 1204 mathematicoruminitiiseonstnredicuntomnia.
883 1149 1021 1205 Gentium-

168 1253 235 1290 vero
242 1241 318 1290 ortus
326 1235 509 1306 interitusque
521 1235 601 1290 certis
612 1235 699 1307 signis
707 1235 901 1308 miraculisque
913 1238 1018 1292 ostendi

168 1321 221 1377 sibi
236 1323 345 1378 Etrusci
362 1323 510 1394 putabunt,
524 1322 576 1376 sibi
593 1323 698 1393 decem,
718 1323 852 1377 Romanis
871 1324 1017 1378 duodecim

170 1409 304 1481 assignari
323 1409 432 1464 saecule.
472 1409 514 1463 Ea
532 1425 588 1463 vox
604 1409 639 1463 ab
655 1409 834 1480 Aruspicibus
852 1410 947 1464 audita
958 1411 1018 1480 jnm'

170 1497 265 1566 inipso
273 1497 371 1551 Romae
379 1495 496 1562 excidio,
508 1513 572 1550 cum
580 1512 706 1550 occasum
714 1495 789 1550 urbis
798 1497 1018 1568 appropinquare

169 1583 299 1652 dicerent,
325 1583 431 1637 animos
454 1582 599 1636 hominnm
622 1584 701 1653 quasi
724 1590 850 1638 veterum
877 1601 1017 1638 sacrorum

168 1670 302 1724 memorii
314 1669 472 1723 resuscitati
481 1685 567 1739 prope
580 1675 657 1722 metu
668 1670 863 1726 consternavit.

204 1755 321 1811 Utinam
332 1756 362 1808 in
375 1773 408 1810 eo
419 1755 561 1809 immorari
573 1755 676 1822 liceret,
689 1756 763 1826 qnod
776 1756 819 1810 vir
834 1755 880 1809 ille
893 1773 1017 1811 summus

167 1840 217 1912 qui
229 1838 338 1894 solertid
349 1836 431 1909 poene
443 1836 607 1904 incredibili,
619 1837 791 1910 propriisque
803 1837 907 1892 viribus
919 1837 1016 1903 fidens,

168 1927 289 1980 Romam
302 1925 495 1995 Romanosque
508 1941 550 1978 res
562 1924 598 1977 cd
616 1924 706 1979 lucem
719 1924 898 1992 revocaverit,
911 1941 1016 1980 annum

168 2011 338 2065 Romuleum
357 2011 432 2064 houd
457 2010 541 2064 dubie
563 2011 599 2066 ab
620 2011 743 2064 Etruscis
765 2012 880 2066 ductum
899 2013 1016 2081 putet*

169 2115 253 2169 quem
273 2104 368 2168 utpote
387 2097 519 2168 temporis
539 2103 644 2150 metum
663 2097 869 2163 eccurntiorem,
887 2098 939 2152 etsi
961 2115 1016 2152 nou

170 2183 247 2237 omni
262 2183 336 2238 civili
353 2201 435 2252 anno,
452 2191 526 2238 certo
543 2189 637 2237 temen
656 2199 793 2236 annorum
813 2199 936 2250 numero,
953 2201 1017 2238 cum

169 2269 250 2324 linito
258 2269 320 2324 solis
329 2287 409 2324 cursu
418 2269 573 2325 convenire.
600 2269 694 2323 Multo
702 2286 812 2340 quoque
821 2269 849 2322 iu
860 2276 1017 2340 temporum
1070 2331 1072 2338 Ι

168 2357 251 2411 nimis
274 2358 372 2411 exacti
400 2356 606 2427 computatione
633 2362 720 2425 notet,
750 2374 813 2427 quae
839 2356 1017 2414 Etruscorum

168 2443 314 2500 subtilitati
330 2444 476 2498 tribuendo
493 2443 555 2496 sint.
593 2443 709 2496 Fuerint
726 2460 759 2498 en
774 2444 838 2498 licet
854 2461 903 2514 per
918 2443 1018 2514 seipse

169 2531 280 2603 exigua,
293 2547 458 2603 magnarum
469 2537 562 2584 temen
575 2528 759 2584 existimanda
776 2537 841 2583 sunt
852 2529 1017 2585 vicissitudi-

168 2635 237 2671 num
249 2616 359 2672 indicia.

207 2704 319 2758 Etenim
341 2703 364 2757 si
382 2703 496 2757 historin
513 2703 600 2771 silent,
620 2702 644 2757 si
662 2719 697 2756 nc
713 2708 780 2756 note
799 2701 912 2773 quidem
929 2703 1020 2774 gentis

171 2807 286 2862 nsquam
300 2796 440 2862 apparent,
454 2790 587 2860 relliquiae
604 2795 699 2844 tomen
716 2789 826 2843 urbium
839 2805 888 2858 per
899 2805 928 2841 se
940 2787 1020 2843 facile

171 2879 311 2944 evincunt,
320 2877 456 2948 populum
468 2876 593 2930 omnium
605 2874 786 2931 clarissimum
796 2875 876 2945 quasi
888 2874 916 2927 in
929 2875 1020 2945 sepul-

170 2967 236 3020 chro
253 2965 377 3019 delitere.
417 2963 566 3019 Enimvero
582 2962 684 3016 artium
695 2961 785 3015 studia
801 2977 865 3015 cum
876 2960 1020 3032 relligione

170 3058 198 3106 et
210 3051 335 3107 moribus
349 3050 453 3104 hebent
464 3050 605 3120 quoddam
621 3064 767 3104 commune
778 3046 935 3102 vinculum:
955 3065 1018 3102 cnm

477 3241 489 3264 ⁰
504 3237 569 3280 Nieb.
580 3237 630 3280 Vol.
641 3238 657 3280 i.
667 3243 713 3280 2⁷⁰.
