2656 3992
148 454 199 508 bus
216 458 326 508 tantum
345 453 498 524 distinctus,
520 460 719 510 sacrosanctam
739 453 812 509 cerie
831 461 997 526 potestatem

148 539 302 607 exercebat,
324 541 455 611 omnique
480 541 604 597 Deorum
628 541 828 596 immortalium
853 544 997 613 majestate

147 627 285 680 vestitam.
325 627 433 690 Quibus
445 628 531 699 igitur
543 628 733 682 instrumentis
746 628 834 699 aptati
849 629 920 684 banc
935 637 997 684 tan-

147 719 205 768 tem
226 713 277 767 sibi
297 714 355 768 vim
385 721 412 768 et
432 714 598 786 dignitatem
610 715 727 770 assecuti
748 718 832 769 sunti
869 715 997 768 Primum

148 799 261 869 quidem
279 800 357 854 illam
373 817 429 855 non
447 801 477 854 in
491 802 631 855 mentibus
648 801 747 856 nostris
764 800 933 871 inscriptam,
950 801 997 854 sed

147 885 273 940 innatam
296 887 351 941 Dei
374 888 515 942 notionem
543 888 638 942 sedulo
671 887 816 943 foverunt:
848 888 1000 940 manebant

148 972 245 1042 prisoae
265 973 392 1044 quendam
412 974 477 1029 fidei
496 975 621 1046 vestigia,
642 991 704 1044 quae
724 973 748 1027 si
766 991 822 1027 non
841 990 998 1043 expressam

150 1058 204 1112 Dei
214 1059 373 1132 imaginem,
383 1068 412 1115 at
423 1061 496 1116 certe
507 1061 701 1115 adumbratam
715 1061 884 1114 revelabant.
912 1061 997 1115 Acce-

149 1147 232 1202 debat
243 1165 276 1202 eo
288 1147 354 1202 vitta
370 1147 440 1201 ratio
457 1164 529 1218 pura
543 1147 726 1217 simplexque,
740 1153 801 1199 tum
820 1145 874 1200 loci
890 1163 999 1216 qnoque

149 1233 265 1304 relligio.
304 1232 379 1296 Quid
398 1234 473 1288 enim
493 1232 556 1287 coeli
576 1233 650 1286 illius
670 1231 809 1297 serenitas,
828 1232 895 1302 quid
913 1231 999 1302 patris

149 1319 290 1388 Apennini
309 1319 447 1389 majestas,
466 1318 534 1389 quid
555 1319 696 1389 utriusque
717 1318 799 1372 maris
819 1318 998 1388 immensitas,

148 1411 250 1475 praeter
265 1405 320 1458 Dei
339 1411 467 1459 naturam
483 1422 591 1476 puram,
609 1405 769 1470 verendam,
782 1403 919 1458 infinitam
935 1412 999 1459 ante

149 1491 241 1546 oculos
256 1491 401 1546 hominum
420 1494 603 1563 proponeret?
639 1491 791 1562 Aptissima
806 1500 872 1545 sunt
887 1492 999 1546 omnino

149 1593 227 1639 mma
238 1577 358 1632 civitatis
372 1579 499 1651 regendae
514 1579 620 1632 rituum
633 1579 906 1649 ceremoniarumque
919 1579 998 1633 insti-

151 1669 221 1732 tuta,
234 1682 296 1735 quae
309 1664 533 1736 primoquidem,
547 1683 562 1720 e
574 1665 698 1736 simplice
712 1665 767 1719 Dei
779 1671 856 1719 metu
867 1665 997 1736 profecta,

149 1768 215 1804 mox
227 1751 311 1806 etiam
324 1751 360 1805 ad
377 1751 577 1823 rempublicam
591 1752 767 1817 firmandam,
784 1751 929 1806 mirificem
948 1752 999 1806 ha·

148 1838 216 1892 bent
226 1838 294 1891 vim.
322 1837 415 1892 Multa
426 1838 514 1910 igitur
526 1856 543 1892 a
554 1839 741 1894 sacerdotibus
752 1839 858 1892 utiliter
869 1839 998 1908 inventa;

148 1923 268 1978 invicem
285 1941 347 1994 quae
364 1924 534 1978 invenissent
549 1926 584 1979 ab
599 1925 789 1979 inventoribus
803 1923 868 1996 ipsis
886 1925 999 1992 credita,

149 2027 267 2080 quorum
279 2010 410 2065 vaticinia
426 2027 454 2064 se
467 2011 528 2081 ipsa
542 2011 695 2082 explerent,
710 2027 773 2065 oum
790 2011 914 2082 ejusdem
929 2017 1000 2066 esset

149 2095 254 2150 ordinis
270 2102 299 2149 et
315 2094 455 2149 civitatem
471 2097 660 2152 administrare
678 2103 706 2150 et
722 2096 779 2152 fata
793 2096 912 2152 civitatis
926 2115 999 2169 pras·

151 2199 272 2236 monere.
309 2182 327 2234 J
329 2199 375 2235 am
386 2182 434 2236 illa
446 2183 561 2252 pristina
573 2182 684 2236 libertus
701 2201 831 2254 oppressa
843 2192 926 2255 etque
943 2201 1000 2238 res-

150 2267 237 2322 tincta
248 2267 315 2321 fuit:
337 2268 493 2338 superstitio
505 2275 576 2322 tetra
583 2269 689 2337 animos
697 2269 842 2324 bominum
851 2270 1000 2336 invaserat,

148 2371 210 2424 quse
232 2371 288 2408 non
308 2360 368 2408 tam
387 2372 486 2409 nervos
505 2355 625 2409 civitatis
643 2356 808 2425 debilitavit,
825 2373 909 2427 quam
929 2355 1001 2412 vires

148 2441 275 2495 omnium
298 2441 329 2494 in
353 2458 381 2494 se
405 2441 466 2512 ipsa
489 2441 610 2513 collegit.
655 2441 732 2496 Adeo
756 2442 808 2496 fuit
831 2443 1001 2497 admirabilis

148 2528 277 2598 quaedam
294 2527 417 2598 partium
440 2527 630 2595 conformatio,
655 2528 765 2582 utalia
788 2545 823 2582 ex
846 2528 907 2582 aliis
928 2545 1001 2582 nexa

148 2616 296 2684 omniaque
308 2614 337 2667 in
349 2614 401 2668 hoo
412 2631 501 2667 unum
513 2621 577 2684 apte
589 2613 719 2684 colligata
729 2614 897 2669 viderentur.
930 2615 1000 2676 Quae

149 2717 213 2755 cum
225 2700 382 2754 divinarum
394 2717 485 2754 rerum
501 2700 621 2754 sollertia
637 2701 673 2754 ad
686 2699 827 2758 Romanos
842 2700 1000 2767 defluxerit,

149 2785 180 2838 iu
201 2802 234 2839 eo
256 2792 350 2840 tamen
383 2787 418 2840 ab
442 2786 566 2841 Etruscis
595 2787 745 2853 distabant,
771 2785 845 2857 qubd
875 2787 1002 2841 flamines

150 2873 366 2943 sacerdotesque,
391 2873 456 2928 licet
480 2890 544 2927 cum
570 2872 691 2942 patriciis
714 2873 819 2944 origine
849 2873 1001 2943 studiisque

149 2961 277 3027 connexi,
291 2967 449 3030 separatum
465 2960 599 3014 tamenin
611 2959 752 3028 republicis
764 2959 891 3013 ordinem
903 2958 1001 3013 effece-
1084 2969 1088 2974 '

102 3112 108 3128 ⁹
149 3050 224 3100 runt.
256 3045 321 3099 Fuit
332 3046 381 3101 illa
394 3045 490 3099 revera
498 3046 678 3099 Etnrscorum
690 3044 808 3116 relligi0,
820 3043 897 3113 quasi
908 3043 1002 3097 anima

149 3131 278 3201 quasdam
295 3149 345 3202 per
365 3131 551 3186 humanarum
570 3147 664 3184 rerum
688 3130 791 3184 molem
814 3128 915 3194 inlirsa,
939 3146 1001 3199 quae

150 3234 246 3272 omnes
263 3218 420 3273 animorum
439 3223 531 3272 motus
554 3216 732 3288 replicatione
753 3217 874 3286 quidam
894 3220 1002 3286 regeret
