2656 3992
140 451 243 504 bustos.
281 450 351 511 Quae
370 457 463 504 tamen
481 449 630 520 relligionis
646 449 728 503 uude‘
739 456 800 503 orta
817 448 996 506 vicissitudo?

140 531 231 586 Silent
247 532 368 597 annales,
386 532 520 586 omittunt
537 548 631 585 omnes
650 530 724 594 libri,
740 548 803 586 cum
820 531 849 584 in
868 531 921 586 hdo
938 541 996 587 tarn

138 619 245 674 incerta
257 636 350 672 rerum
367 617 449 685 fanrb,
464 618 533 671 nihil
550 618 605 672 fere
621 618 720 672 certius
731 618 776 686 sit,
793 635 878 688 quam
890 619 996 673 cultum

139 723 229 760 mores
241 712 270 759 et
278 705 406 758 instituta
418 704 537 758 civitatis
549 704 683 758 uuiversae
701 705 811 776 penitus
823 706 860 758 ab
872 705 996 760 Etruscis

83 807 88 815 ·
138 792 222 846 fuisse
235 795 360 846 mutetal
387 791 405 844 J
407 790 502 846 amdiu
514 789 614 844 veteris
624 790 764 862 religionis
775 790 894 846 fautores
906 792 995 863 impe·

137 879 180 932 rio
190 879 371 932 Etruscorum
383 877 523 941 restitisse,
537 876 626 932 velex
638 877 708 930 Attii
723 878 749 930 N
751 877 815 931 aevii
824 877 919 932 fabula
931 895 995 932 con-

137 972 203 1034 stat,
216 964 265 1034 qui
278 965 307 1018 in
320 981 413 1035 regem
428 962 609 1034 Tarquinium
624 963 757 1031 invectus,
772 981 835 1017 cum
848 981 994 1020 numerum

138 1059 250 1106 tantum
259 1051 382 1104 tribuum
390 1049 557 1104 inviolatum
564 1055 714 1120 praesturet,
724 1051 812 1120 ipsam
819 1050 875 1105 litis
885 1068 995 1106 eausam

137 1140 168 1193 in
181 1137 275 1192 medio
286 1136 407 1207 reliquit.
440 1137 519 1190 Idem
532 1136 588 1190 fere
600 1154 635 1190 ex
649 1137 768 1190 Etrusco
778 1136 851 1191 bello
862 1137 994 1210 colligen-

137 1227 207 1280 dum
221 1224 294 1295 quod
304 1240 321 1277 a
333 1221 483 1292 Tarquinio
496 1222 590 1278 Prisco
603 1229 712 1294 gestum
725 1222 875 1294 Dionysius
888 1240 994 1278 memo-

137 1311 225 1374 ravit;
251 1310 300 1380 qui
321 1316 415 1364 tamen
435 1307 594 1379 imperfecte
618 1315 646 1364 et
670 1308 782 1363 confuse
808 1317 916 1364 tantum
936 1327 994 1364 rem

138 1405 259 1462 enarrat,
271 1413 337 1452 eum
349 1395 482 1448 victorem
498 1394 678 1466 Tarquinium
696 1396 731 1449 ad
751 1395 892 1450 Romanos
908 1404 995 1450 trans-

139 1483 209 1538 ferre
221 1484 297 1538 velit.
335 1482 406 1535 'lum
419 1481 541 1552 primum
552 1482 681 1536 ludorum
696 1482 876 1537 Etruscorum
888 1483 994 1538 mentio

140 1570 221 1639 sacta,
238 1568 386 1623 histriones
402 1566 503 1631 acciti;
526 1567 695 1638 Capitolium
709 1575 889 1633 exstructum,
901 1569 995 1624 cloaca

139 1655 263 1710 maxima
274 1660 418 1722 excavata,
433 1671 517 1724 opera
528 1654 557 1707 in
574 1654 626 1710 hile
639 1660 718 1708 tantu
730 1656 872 1709 ruinarum
885 1657 994 1728 magni·

136 1743 250 1797 licentiat
258 1742 374 1812 posteris
386 1739 561 1796 admirabilia
572 1739 674 1796 futura.
708 1742 763 1796 Sed
777 1760 840 1796 cum
848 1743 876 1794 in
889 1743 995 1798 artibus

136 1837 166 1884 et
182 1828 305 1884 aedificiis
322 1828 453 1899 pleraque
475 1827 654 1882 Etruscorum
671 1829 789 1901 vestigia
809 1828 991 1899 reperiantur,

137 1923 201 1969 tum
217 1915 305 1968 multo
320 1914 425 1986 majora
442 1914 471 1967 in
490 1915 614 1968 Deorum
628 1916 705 1969 cultu
720 1925 748 1969 et
760 1915 872 1969 civitate
884 1915 994 1969 institu-

138 2002 224 2055 endo.
261 2002 342 2055 Unde
364 2001 437 2055 enim
454 2001 583 2055 funerum
597 2019 657 2056 mos
672 2008 723 2056 aut
739 2019 756 2056 a
772 2002 873 2072 quibus
890 2001 993 2072 magis-

141 2093 265 2142 tratuum
280 2088 417 2159 insigniat
443 2088 517 2142 unde
532 2087 641 2158 relligio
653 2094 702 2141 aut
719 2105 752 2140 ea
770 2105 833 2157 quae
854 2087 887 2140 ad
909 2087 992 2141 Lares

141 2172 272 2245 pertinet,
295 2182 342 2228 aut
360 2191 422 2245 quae
439 2174 468 2227 in
485 2174 672 2244 Haruspicum
689 2172 834 2242 discipline
851 2176 992 2226 versetur?

141 2260 217 2316 unde
229 2259 328 2330 triplex
339 2260 386 2314 illa
397 2259 526 2314 ordinum
539 2259 618 2323 ratio,
632 2258 685 2312 nisi
696 2260 731 2313 ab
741 2259 784 2312 his
797 2259 853 2329 qui,
867 2276 931 2313 cum
943 2277 993 2313 an·

139 2347 293 2418 tiquissima
308 2347 420 2400 orientis
438 2347 565 2401 instituta
579 2345 686 2419 integre
703 2350 866 2410 servassent,
882 2346 917 2400 ad
936 2346 993 2402 Ro·

137 2451 235 2488 manos
247 2435 406 2504 incorrupta
419 2433 637 2488 transtulerunt?
664 2432 739 2487 Hinc
753 2450 900 2486 numerum
914 2433 993 2488 licto-

137 2539 211 2585 rum,
228 2521 292 2576 hine
308 2521 401 2574 sellam
418 2520 551 2584 curulem,
568 2527 717 2592 togamque
733 2526 897 2589 praetextam
914 2519 993 2574 Livio

136 2627 247 2680 quoque
265 2609 329 2662 duci
345 2608 444 2678 placet.
482 2607 558 2661 Hinc
574 2607 658 2661 etiam
670 2605 719 2659 illa
730 2605 906 2675 optimatium
919 2623 993 2660 acer-

136 2697 219 2764 bitas,
231 2704 260 2750 et
272 2695 380 2766 relligio
392 2695 427 2750 ad
441 2694 551 2765 plebem
564 2692 742 2748 coercendam
755 2699 901 2763 usurpata:
928 2693 992 2747 Ser·

137 2783 216 2836 vium
229 2791 324 2836 autem
341 2780 473 2848 Tullium,
488 2797 572 2850 quem
588 2780 768 2834 secunduma
781 2780 901 2834 Romulo
915 2780 992 2850 plebs

137 2869 311 2924 conditorem
331 2867 444 2936 ferebat,
464 2885 481 2922 e
504 2867 619 2936 Latinis,
640 2868 715 2922 unde
733 2867 811 2939 plebs
831 2867 889 2938 ipsa
911 2875 989 2936 esset,

137 2955 256 3009 derivari
271 2955 375 3026 liquido
387 2961 472 3024 petet.
502 2953 574 3009 Satis
586 2953 699 3025 quidem
711 2960 817 3008 constat
829 2954 991 3024 popularem

137 3041 258 3094 civitatis
275 3048 378 3094 etatum
392 3059 409 3094 a
421 3040 517 3095 Servio
528 3040 709 3095 informatum
725 3040 760 3093 ab
773 3041 896 3096 Etruscis
910 3043 990 3096 abro-

137 3134 234 3198 gatum
253 3127 352 3190 fuisse;
379 3146 441 3198 quae
457 3144 522 3181 vero
538 3126 686 3181 seditiones
706 3127 735 3178 in
758 3127 824 3180 urbe
844 3127 991 3194 saevierint,

137 3219 242 3285 quantu
260 3213 362 3268 suerint
379 3221 427 3269 eut
443 3214 621 3284 patriciorum
635 3231 698 3269 eum
712 3211 802 3282 plebe,
815 3220 863 3268 aut
877 3213 989 3268 Letino-

180 3470 615 3547 gthXsXJO
589 3436 703 3585 [ἐχ
674 3436 827 3507 ΙΧΙΙΦΗ
846 3432 1002 3581 1[Χιίὲ

803 3496 872 3521 Μ

287 3496 447 3549 fxv&
500 3496 615 3581 1ΧΦ]Ι
762 3512 830 3581 ΧΦ]
887 3516 960 3548 ΧΧ
