2656 3992
351 165 1217 351 diddbdddddddbb
1295 291 1296 358 ι

359 474 423 511 rum
441 472 504 510 cum
523 455 647 510 Etruscis
665 454 824 523 certamine,
845 452 961 508 discerni
980 451 1084 524 nequit.
1103 452 1204 523 Regem

361 544 510 598 Etruscum
529 544 626 597 urbem
647 546 801 612 compsisse,
823 559 876 612 ope
897 539 1075 610 patriciorum
1100 539 1205 609 plebem

359 630 533 701 oppressisse,
545 628 599 683 lete
614 635 642 684 et
659 629 687 682 in
706 629 836 683 Etruscos
852 634 881 682 et
895 627 924 680 in
937 626 1049 680 Latinos
1060 625 1204 694 imperium

358 717 514 788 protulisse,
526 717 572 770 vel
584 734 618 770 ex
633 716 666 770 iis
684 733 743 786 quae
758 721 904 785 supersunt
919 711 1106 769 monumentis
1122 712 1205 782 probo

358 804 544 875 colligendum
559 809 615 872 est;
639 803 714 856 hunc
728 819 791 856 curn
807 817 952 871 procerum
964 800 1066 870 puriter
1078 816 1110 853 sc
1122 798 1206 869 plebis

354 893 421 962 jura
438 889 589 954 invasisset,
607 885 745 959 postremo
759 888 794 941 ub
808 887 930 957 utrisque
949 886 1113 956 expulsum:
1142 902 1205 939 mox

358 994 470 1032 omnem
483 974 695 1046 Tarquiniorum
703 975 818 1028 domum
831 973 982 1045 relegatam
994 973 1029 1026 ed
1041 973 1170 1026 Etruscos
1180 977 1207 1025 et

359 1063 472 1118 Latinos
492 1061 654 1134 confugisse.
692 1061 834 1115 Porsenna
849 1076 913 1114 vero
933 1059 1000 1130 ipse,
1018 1075 1101 1130 quem
1122 1075 1206 1112 enne·

358 1150 427 1204 lium
449 1149 594 1219 scriptores
616 1147 737 1202 amicitis
752 1148 881 1218 junctum
900 1141 1001 1214 lerunt,
1017 1151 1087 1199 teste
1102 1144 1204 1214 Tacito,

358 1237 456 1290 urbem
466 1234 647 1307 oppugnavit.
685 1234 760 1288 Hinc
773 1238 870 1287 revera
882 1249 941 1287 mos
954 1233 1010 1301 ille,
1025 1232 1072 1309 qui
1085 1233 1120 1285 ad
1133 1231 1207 1286 Livi-

358 1339 441 1376 enam
459 1339 547 1392 usque
570 1327 681 1380 aetaten
705 1321 845 1390 manebat,
867 1321 940 1374 bonu
964 1319 1113 1373 Porsennae
1137 1319 1209 1391 regis
1295 1354 1296 1388 Τ

358 1409 511 1464 vendendi:
536 1408 601 1462 hinc
618 1408 717 1462 solium
732 1407 894 1461 cRomenis
907 1407 1023 1460 Etrusco
1040 1423 1116 1460 more
1130 1405 1207 1460 oblu-

359 1503 428 1560 tum,
448 1495 513 1549 hinc
534 1494 658 1548 tribuum
682 1511 813 1548 numerus
838 1494 873 1547 ud
894 1493 995 1565 viginti
1016 1493 1124 1559 recisus,
1144 1510 1207 1548 cum

358 1582 467 1636 tertium
482 1581 541 1653 egri
555 1589 663 1651 purtem
678 1580 799 1634 Romani
814 1581 963 1635 Porsenme
983 1580 1132 1634 cessissent.
1172 1581 1209 1633 Et

357 1668 470 1739 quidem
482 1668 571 1722 foedus
583 1686 646 1722 curn
658 1666 931 1739 Carthaginiensibus
942 1667 1038 1734 ictum,
1051 1684 1106 1720 non
1118 1668 1209 1721 solum

357 1757 514 1810 universum
535 1754 607 1809 Latii
622 1772 699 1809 orem
721 1755 861 1809 Romanos
881 1759 1037 1826 occupbsse,
1056 1753 1209 1819 confirmat,
1291 1804 1292 1808 ,

358 1843 558 1897 verumetiam
576 1842 718 1896 maritimo
739 1841 855 1912 imperio
871 1840 973 1912 potitos
991 1858 1057 1894 esse.
1095 1839 1209 1894 Nihilne

358 1931 444 2001 igitur
460 1929 592 1983 Muciano
614 1927 718 2000 profuit
735 1928 831 1997 virtus,
852 1928 922 1981 nihil
937 1928 1110 1982 Valeriorum
1129 1926 1209 1981 forti-

357 2017 433 2084 tudo,
454 2015 601 2086 quominus
617 2015 726 2070 mccule
745 2015 873 2086 quoedom
893 2015 1083 2069 Romanorum
1103 2013 1211 2068 nomini

357 2103 555 2172 inhoeresccret,
572 2103 607 2156 eb
626 2102 817 2157 historicorum
833 2102 936 2156 scilicet
949 2101 1045 2156 fraude
1061 2101 1212 2173 diligenter

358 2190 540 2244 occultanda?
576 2189 731 2243 Verisimile
762 2195 804 2243 est
831 2196 894 2260 post
918 2189 1059 2243 Aricinum
1090 2189 1209 2257 cladem,

359 2277 539 2336 Etruscorum
552 2275 608 2329 vim
624 2273 692 2329 adeo
707 2275 822 2330 fructum
838 2283 867 2330 et
883 2276 1054 2330 debilitatum
1072 2275 1165 2342 fuisse,
1178 2283 1212 2330 ut

358 2362 478 2417 Romuni
489 2363 541 2416 hoc
552 2363 643 2432 ipsum
656 2369 765 2433 tempus
777 2363 812 2416 sd
825 2364 1005 2418 Etruscorum
1011 2365 1113 2436 jugum
1125 2382 1212 2418 exeu-

359 2445 484 2498 tiendum
493 2444 653 2516 arriperent.
681 2446 699 2499 J
702 2463 746 2499 ern
759 2451 821 2516 post
834 2446 971 2503 Cremerae
985 2449 1133 2516 excidium,
1145 2467 1212 2520 per-

358 2531 450 2601 petuis
463 2531 519 2585 fere
535 2532 754 2587 contentionibus
770 2534 891 2588 Romani
907 2552 970 2588 cum
982 2535 1144 2590 Veientibus
1160 2553 1212 2590 ex-

358 2619 538 2673 ercebantur:
558 2619 587 2672 in
600 2619 699 2689 quibus
711 2619 790 2675 facile
803 2621 865 2675 visu
877 2628 927 2688 est,
935 2622 1065 2676 Veientes
1077 2623 1213 2693 ureliqud

358 2711 441 2775 gente
453 2707 591 2775 separari:
618 2723 668 2760 nec
684 2707 736 2760 nisi
748 2715 853 2778 postea,
866 2708 954 2778 captis
965 2709 1049 2775 Veiis,
1063 2709 1213 2763 duodecim

357 2792 474 2862 populos
492 2793 520 2845 in
539 2794 678 2847 Romanos
696 2794 860 2864 conjurasse.
893 2796 998 2849 Verum
1016 2796 1121 2867 inipso
1141 2797 1214 2852 Gul-

358 2879 448 2932 lorum
463 2880 570 2933 excidio
590 2879 710 2950 antiquae
724 2882 887 2937 memorium
901 2883 1101 2953 conjunctionis
1118 2903 1135 2939 e
1154 2887 1214 2940 Ro·

358 2965 447 3018 ruanis
459 2972 488 3020 et
500 2966 621 3020 Etruscis
633 2968 744 3036 servari,
759 2986 793 3022 ex
807 2986 839 3022 eo
852 2969 998 3040 colligitur,
1012 2973 1086 3042 quod
1099 2972 1213 3028 Caeriti·

359 3053 418 3119 bus,
431 3058 463 3106 ut
474 3059 591 3124 cognato
606 3054 717 3123 populo,
730 3055 854 3110 Deorum
867 3073 942 3111 sacre
953 3057 1092 3130 librosque
1104 3061 1214 3115 rituum

358 3139 388 3190 in
401 3139 553 3193 custodium
567 3141 739 3196 tradiderint.

396 3224 450 3278 Sed
472 3244 535 3279 cum
555 3228 707 3283 maximum
728 3230 878 3302 relligionis
901 3238 1008 3303 partem
1029 3234 1064 3288 ab
1086 3236 1215 3293 Etruscis
