2656 3992
325 136 1184 239 eeesossseeeeeoeseee

327 217 1186 309 mmomecmsemomoeoeemmc

318 460 474 528 habuerint,
495 459 574 528 licet,
587 459 703 512 Etrusco
723 474 796 529 rege,
818 457 939 510 Romam
959 455 1065 522 allatos,
1088 455 1172 509 lirisse

321 554 415 602 tamen
431 547 535 602 Graecis
543 545 630 599 literis
642 545 801 614 exscriptos.

356 635 477 706 Longior
494 634 554 701 sim,
576 632 598 686 si
622 649 718 685 omnes
742 633 865 685 Deorum
886 629 987 683 formas
1011 645 1173 683 enumerare

321 721 414 790 velim,
433 738 501 790 quas
516 719 592 790 vulgi
611 718 777 789 superstitio,
791 735 859 788 quas
873 718 1047 771 sacerdotum
1063 715 1174 769 solertia

321 806 470 874 excuderit,
487 823 549 877 quae
565 812 614 859 aut
629 805 688 874 ipso
704 805 764 858 loco
783 811 856 858 natae
877 805 940 872 siut,
958 810 1007 857 aut
1028 800 1142 874 peregre
1157 818 1174 854 a

321 893 518 947 mercatoribus
534 893 672 946 immissae.
709 892 814 945 Verum
828 891 914 944 altera
926 895 1011 944 restat
1022 888 1174 960 relligionis

321 997 393 1051 pars,
406 997 469 1050 quae
483 980 566 1032 Lares
578 986 607 1032 et
621 979 740 1031 Penates
753 979 882 1048 amplexa
895 984 943 1045 est,
958 993 1021 1047 quae
1037 993 1101 1030 cnm
1112 975 1175 1028 hor-

321 1067 438 1120 rendum
460 1065 592 1136 quiddam
616 1072 644 1118 et
661 1063 870 1118 formidolosum
894 1064 1017 1132 haberet,
1042 1060 1175 1116 altissime

321 1153 467 1208 hominum
485 1152 624 1206 mentibus
641 1151 751 1204 insedit.
788 1151 854 1204 Jam
872 1149 1011 1203 infernum
1034 1149 1175 1220 quendam

323 1241 473 1293 Plutonem
486 1238 663 1310 effingebant,
677 1238 808 1292 Mantum
820 1237 1015 1308 appellabant;
1029 1236 1094 1289 huic
1106 1235 1175 1288 Tar-

321 1326 375 1380 tari
391 1325 546 1396 imperium‚
563 1325 628 1378 huia
642 1325 731 1378 omnis
748 1331 920 1378 mortuorum
938 1339 1003 1377 cura
1020 1322 1173 1376 commissa.

323 1412 436 1484 Effigies
460 1411 583 1479 Mantus,
604 1412 674 1465 faeie
698 1412 842 1482 quadrata,
867 1410 942 1464 foedo
964 1416 1174 1479 monstrosoqne

321 1499 410 1564 vultu,
420 1499 549 1552 dentibus
557 1497 688 1564 exacutis,
700 1497 797 1568 lingua
807 1497 890 1550 etiarn
901 1513 951 1566 per
958 1496 1111 1550 irrisionem
1125 1515 1175 1550 ex·

321 1587 402 1650 serta,
414 1586 550 1656 reperitur
558 1586 617 1662 jam
627 1601 700 1638 nunc
708 1585 737 1636 in
748 1585 927 1639 Etruscorum
940 1583 1098 1654 sepulchris.
1119 1583 1176 1645 Qui

321 1690 385 1727 cum
398 1673 496 1726 Mania
508 1672 657 1725 inferorum
672 1672 734 1725 Ded
749 1671 892 1725 dividebat
904 1670 1068 1740 imperium:
1093 1669 1176 1723 ambo

321 1765 466 1828 terribiles,
479 1764 625 1827 tenebrosi,
641 1763 866 1817 immisericordes
882 1762 939 1828 Dii,
956 1768 985 1816 et
1001 1762 1100 1832 quibus
1118 1778 1178 1814 me—

322 1858 443 1905 moraret
453 1851 527 1904 fama
537 1867 654 1921 puerum
667 1850 752 1903 semel
764 1849 947 1903 immolatum.
977 1847 1178 1903 Custodiebant

322 1938 352 1990 hi
365 1938 472 1991 Tartari
485 1938 611 2008 januam,
622 1937 699 2008 cujus
714 1953 777 1990 cum
794 1935 882 1990 ferrea
899 1936 1018 1990 claustra
1028 1935 1177 2006 quotannis

322 2031 414 2078 ternos
426 2025 483 2078 dies
492 2024 672 2095 aperirentur,
681 2041 774 2077 manes
787 2023 1088 2090 hominum,hincssiude
1097 2029 1176 2078 tran-

321 2111 412 2165 sibant
426 2112 504 2182 quasi
521 2112 568 2165 vid
586 2129 637 2182 per
656 2111 832 2164 solitudinem
852 2109 933 2164 lactd.
972 2109 1095 2163 Mundus
1110 2107 1177 2162 huic

321 2199 436 2252 Tartaro
452 2217 570 2252 nornen:
590 2199 688 2253 Romae
706 2215 815 2269 quoque
832 2197 861 2249 ia
876 2195 993 2250 comitiis
1009 2201 1126 2266 puteum
1137 2194 1178 2248 sic

322 2286 493 2356 appellatum
511 2285 612 2351 ferunt,
627 2286 656 2338 in
671 2302 734 2355 quo,
747 2285 852 2339 Catone
868 2289 948 2348 teste,
963 2283 1075 2354 frugum
1091 2299 1176 2352 pecu-

322 2372 586 2442 dumqueprimitias
594 2371 771 2442 sepeliebant.
796 2371 910 2424 Animas
918 2375 1011 2424 autem
1019 2367 1176 2434 hominum,

322 2477 384 2514 curn
403 2477 418 2512 e
437 2476 549 2530 corpore
564 2458 726 2522 evolbssent,
742 2458 771 2510 in
785 2457 869 2511 vastis
883 2457 1034 2511 inferorum
1050 2457 1176 2510 cavernis

322 2546 472 2600 credebant
485 2544 649 2615 exspatiari3
669 2543 769 2598 exinde
780 2544 828 2614 qui
840 2545 874 2597 de
886 2542 1017 2620 patriast
1030 2542 1092 2595 Diis
1104 2542 1176 2596 bene

321 2632 414 2686 meriti
434 2639 532 2699 essent,
551 2638 579 2684 et
591 2630 669 2701 quasi
681 2631 804 2684 sordibus
818 2630 947 2684 humanis
965 2629 1089 2683 animum
1108 2645 1176 2698 pur-

321 2723 433 2790 gassent
446 2717 557 2771 Larium
571 2724 698 2772 naturam
712 2717 835 2784 induere,
849 2723 943 2770 contra
951 2715 1050 2786 impios
1063 2714 1175 2769 sacrile-

322 2823 407 2877 gosve
428 2804 456 2856 in
482 2805 667 2858 abominanda
685 2805 815 2874 quaedam
839 2809 946 2874 spectra
966 2802 1079 2869 mutari,
1104 2819 1174 2873 quos

322 2891 452 2945 Lemures
470 2891 657 2962 appellabant.
695 2891 735 2943 Hi
748 2891 861 2961 quidem
875 2889 1006 2943 Lemures
1023 2889 1100 2943 fuere
1116 2890 1175 2960 qui,

321 2995 385 3032 cum
397 2978 484 3031 vitam
497 2995 609 3032 omnem
618 2978 647 3030 in
658 2979 735 3032 luctu
748 2976 1026 3048 degerent,detestati
1037 2975 1176 3042 homines,

321 3071 449 3120 naturam
466 3065 639 3136 speciemque
656 3063 777 3116 ferarum
790 3063 841 3117 sibi
859 3061 1030 3133 praeferrent.
1069 3063 1107 3116 At
1120 3064 1175 3116 La-

320 3151 396 3204 ribus
409 3151 477 3205 illud
491 3169 592 3206 munus
604 3152 741 3204 tributum
754 3157 821 3218 erat,
836 3157 868 3203 ut
883 3151 989 3204 animas
1000 3151 1145 3205 homiuum
1159 3169 1177 3204 a

321 3237 434 3292 Tartaro
451 3237 615 3309 liberarent;
642 3238 672 3291 hi
690 3256 751 3292 suos
770 3255 855 3307 usque
874 3237 988 3292 comiter
1006 3245 1034 3292 et
1052 3237 1174 3309 benigne
