2656 3992
127 165 1001 348 &diffidddddddffidffi

147 460 231 527 bunt3
249 458 342 512 omnio
353 477 371 513 e
383 459 443 514 luce
455 459 484 513 in
501 460 635 528 tenebras,
649 461 757 514 erebus
769 460 841 532 ipsis
854 462 883 515 in
895 465 997 533 species

145 561 238 600 rerum
258 552 375 600 mutato.
414 545 507 602 Multo
521 563 630 617 quoque
645 547 681 601 eb
695 548 818 620 AEgypto
837 555 865 602 et
883 549 996 604 Oriente

145 632 286 687 derivate:
307 650 369 704 quae
384 633 526 705 quideme
543 634 729 688 sacerdotibus
750 641 883 705 tunquam
905 637 998 690 orcsni

144 718 292 789 discipline
316 724 426 774 summo
448 720 504 774 fide
527 727 695 775 conservato.
733 721 850 782 Constet
871 723 946 775 enim
968 723 997 775 in

144 805 215 859 duos
223 811 315 876 partes
323 806 496 878 relligionem
506 824 584 862 suom
597 807 728 861 Etruscos
740 807 871 876 divisisse,
882 809 997 862 alteram

145 909 208 962 quse
221 893 250 946 in
265 892 326 947 luce
345 894 483 964 oculisque
499 895 645 948 hominum
662 899 824 961 versaretur,
840 911 902 964 quae
919 894 998 948 hobi-

146 984 218 1033 taret
236 996 300 1035 cum
320 979 362 1048 iis,
382 980 458 1036 domi
479 980 597 1051 forisque
616 985 779 1046 occurreret,
800 979 916 1033 alteram
935 999 998 1052 quoe

146 1083 164 1119 o
180 1075 327 1138 conspectu
339 1067 418 1140 vulgi
432 1073 548 1134 remote,
565 1073 700 1136 tunquam
711 1065 741 1118 in
754 1067 864 1136 speculo
876 1083 998 1121 cernere-

148 1159 203 1221 tur,
216 1154 308 1207 densis
320 1154 457 1208 occultate,
467 1153 588 1208 tenebris
602 1159 632 1206 et
642 1150 814 1206 circumfuso.
851 1151 924 1205 Cum
938 1153 998 1208 hmo

145 1257 210 1294 vero
222 1240 362 1294 infinitum
375 1239 501 1294 Deorum
516 1255 663 1293 numerum
676 1238 845 1307 informaret,
854 1256 923 1310 quos
934 1239 997 1293 vul-

145 1341 198 1396 gus
210 1325 353 1379 intellectu
370 1342 466 1395 cepere
483 1332 583 1395 posset,
599 1325 648 1379 illo
662 1342 749 1379 unum
766 1332 955 1395 aetemumque
970 1331 999 1380 et

146 1427 196 1480 per
215 1411 309 1464 omnio
327 1398 527 1466 commeantem
547 1412 640 1466 Deum
660 1410 808 1465 revelabat.
847 1411 997 1482 Nunquam

147 1497 221 1550 euim
234 1497 283 1551 illa
294 1506 374 1553 vetus
390 1499 547 1568 superstitio
564 1497 656 1569 aperte
667 1515 695 1552 se
714 1498 743 1551 in
763 1498 853 1552 lucem
872 1499 997 1570 protulit,

146 1600 244 1638 verum
264 1585 399 1657 imagines
413 1586 546 1657 quosdam
558 1585 702 1657 potestatis
719 1585 778 1656 ejus
796 1583 921 1655 profudit
934 1603 996 1656 quae

145 1671 175 1725 in
188 1689 281 1725 rerum
293 1673 392 1726 naturt
404 1672 486 1726 altius
499 1673 640 1726 delitebet.
794 1668 797 1672 ’

181 1759 238 1812 Nos
251 1776 317 1813 vero
328 1776 414 1830 prope
426 1759 590 1830 sacrilegum
601 1758 655 1812 reti
672 1758 733 1811 illos
743 1757 866 1811 numinis
878 1775 997 1812 secessus

145 1844 257 1914 violare,
272 1862 340 1915 quos
351 1845 405 1916 ipsi
419 1846 538 1899 tenebris
550 1851 579 1899 et
590 1845 708 1916 ealigine
717 1844 951 1914 circumsepirent,
961 1844 997 1898 ed

144 1931 301 1986 inferiorem
313 1933 405 2002 potius
419 1931 542 1986 Deorum
551 1931 676 1986 ordinem
684 1931 827 1984 veniemus
835 1947 903 2002 quos
912 1931 996 1986 Com-

85 2037 89 2042 ·
145 2017 230 2087 plioes
242 2018 300 2072 sive
313 2018 464 2072 Consentes
476 2018 662 2087 appellebant.
695 2019 820 2080 Quorum
831 2022 863 2071 ut
875 2017 997 2083 nomine,

146 2104 184 2158 sic
196 2103 280 2157 etiem
293 2104 382 2158 cultus
398 2103 434 2158 ed
447 2105 586 2158 Romanos
598 2104 708 2159 videtur
719 2104 902 2174 permunisse.
941 2104 998 2166 Qui

147 2206 211 2243 cum
230 2206 346 2243 numero
362 2190 508 2245 duodecim
522 2197 620 2259 essent,
637 2208 684 2244 sex
699 2207 796 2258 mares,
816 2207 864 2243 sex
881 2189 997 2244 feminas

145 2273 325 2346 effingebant,
350 2276 428 2346 quasi
452 2276 576 2329 omnium
596 2293 687 2330 rerum
711 2276 927 2346 animaliumque
946 2293 997 2330 ne-

145 2369 214 2416 turae
227 2361 256 2414 in
269 2362 337 2415 duas
349 2368 441 2431 portes
454 2361 678 2434 discerperentur,
692 2362 740 2433 qui
753 2367 847 2415 temen
863 2361 997 2417 habereut

144 2449 266 2520 aliquam
291 2449 540 2502 communionem!
584 2449 698 2519 Duplex
719 2466 753 2502 ee
772 2447 897 2502 Deorum
920 2449 997 2502 notio

145 2535 255 2604 penitus
272 2534 301 2588 in
314 2534 504 2589 Romanorum
517 2534 598 2588 sacris
615 2535 718 2589 insedit
729 2541 811 2604 etque
824 2534 996 2599 inveteravit,

142 2621 191 2691 qui
215 2621 316 2676 Jovem
341 2622 545 2690 Junonemque,
567 2621 753 2674 Vertumnum
777 2621 993 2691 Fortunamque,

146 2713 303 2778 ceterosque
316 2709 469 2780 geminatos
483 2707 558 2760 Deos
567 2707 602 2760 ab
611 2707 724 2760 Etrurii
736 2707 905 2760 derivdrunt.
940 2707 996 2769 Qui

145 2792 299 2863 complices
315 2801 455 2849 terrenum
476 2794 549 2847 hunc
570 2793 666 2847 orbem
681 2801 814 2863 tunquam
826 2793 996 2847 domicilium

145 2879 254 2949 imperii
270 2880 509 2941 administrabunt,
529 2896 648 2949 quorum
666 2886 744 2932 motu
762 2879 899 2933 elementa
917 2897 995 2950 rege-

143 2973 248 3034 rentur,
265 2967 395 3021 enimaliu
409 2967 497 3021 vitem
515 2973 544 3019 et
562 2966 691 3036 spiritum
709 2966 849 3034 ducerent,
864 2983 880 3018 u
896 2966 996 3036 quibus

144 3053 270 3108 omnium
282 3070 373 3108 rerum
384 3060 482 3108 nutura
494 3053 637 3123 penderet,
652 3059 680 3106 et
694 3069 758 3107 eum
770 3052 834 3105 hino
844 3057 905 3105 ortu
915 3057 994 3118 estet,

416 3245 427 3270 ·
443 3242 531 3283 Muller.
545 3241 619 3283 Etrus.
635 3241 678 3281 111.
689 3246 708 3280 ³.

121 3422 995 3599 dffiddffiddddddffitd
