2656 3992
181 800 241 856 DE
261 798 526 857 ETRUSCORUM
544 801 671 858 CULTU
690 800 870 858 MORIBUS
889 803 937 857 ΕΤ

286 919 457 976 LEGIBUS
476 921 702 986 EORUMQUE
720 922 830 978 APUD

355 1040 544 1118 ROMANOS
561 1041 766 1098 VESTIGIIS.

193 1266 201 1278 ⁴
245 1268 279 1299 Ψ
393 1263 452 1318 ΕΜ
475 1281 540 1319 seue
570 1265 769 1320 nobilissimam
799 1267 928 1339 aggressi,
951 1268 986 1322 de

351 1332 356 1353 ἱ
411 1351 590 1406 Etruscorum
604 1352 737 1406 institutis
747 1353 916 1424 fortunisque
928 1354 986 1408 dic-

167 1434 196 1509 s
322 1424 382 1515 δέ)
409 1437 475 1504 turi,
494 1456 621 1493 veremur
645 1456 680 1492 ne
695 1439 831 1512 majestati
854 1440 943 1510 operis
959 1446 988 1495 et

160 1510 181 1598 Ξ
250 1538 259 1547 ”
293 1484 370 1619 {25
411 1525 548 1595 scriptoris
567 1541 611 1579 ars
632 1530 661 1579 et
678 1525 796 1580 materie
813 1525 874 1596 ipss
895 1525 987 1581 deesse

146 1596 196 1653 f
238 1600 270 1701 ,is
322 1602 385 1737 ’ᾧ
410 1611 548 1668 videatur.
587 1611 660 1665 Num
680 1629 714 1666 eu
734 1629 796 1682 quoe
818 1612 852 1666 de
866 1612 988 1667 Etruscis

243 1694 251 1707 ¹
274 1698 278 1713 ”
291 1713 306 1719 “
326 1732 341 1746 e
412 1697 567 1768 occepimus
583 1714 600 1750 s
617 1697 750 1751 Romame
762 1705 891 1768 corrupto
903 1705 988 1768 etque

127 1787 285 1856 depravatu
305 1791 377 1852 sunt,
395 1785 495 1855 quibus
512 1783 597 1838 etium
615 1784 681 1854 ipsis
698 1783 841 1839 interesset
858 1801 914 1838 non
931 1791 988 1838 tra-

130 1874 210 1928 dere.
251 1872 322 1934 Quae
344 1889 410 1926 vero
433 1869 608 1942 investigatio
631 1870 691 1924 veri
714 1877 793 1937 esset,
817 1887 881 1924 cum
902 1869 990 1924 literae

131 1961 271 2025 Etruscae,
280 1957 341 2012 fons
351 1958 439 2012 omnis
448 1957 578 2023 historice,
591 1975 609 2011 c
619 1956 751 2011 Romanis
761 1957 988 2030 negligerentur?

130 2051 184 2099 aut
203 2062 265 2113 quae
285 2045 409 2099 custodio
429 2043 517 2098 fidelis
535 2061 627 2099 rerum
647 2052 797 2116 gestarum,
818 2061 882 2099 cum
905 2045 989 2097 dubia

131 2137 247 2184 tantum
259 2129 373 2183 semein
385 2147 431 2184 ore
445 2130 590 2184 hominum
597 2131 746 2185 volitaret?
783 2131 865 2185 Latet
877 2130 990 2200 quidem

87 2211 92 2224 ’
131 2217 212 2288 origo
220 2216 316 2287 populi
327 2216 492 2271 obscuritate
501 2217 626 2272 involuta
638 2224 762 2272 noturus:
783 2235 845 2288 quae
853 2218 887 2271 od
899 2235 988 2271 unum

135 2303 276 2358 elementa
297 2302 488 2367 confluxerint,
508 2303 554 2359 vel
579 2305 609 2358 in
634 2322 702 2375 quos
726 2310 818 2375 partes
841 2321 898 2357 uno
922 2321 989 2376 gens

132 2389 224 2445 divisa
240 2397 322 2460 etque
341 2390 478 2460 discerpta
493 2390 539 2457 sit,
556 2389 657 2445 frustra
676 2391 814 2461 requiro-3
833 2391 988 2460 hominurn,

133 2483 297 2543 eventuum,
306 2477 390 2531 etism
402 2476 513 2531 urbium
525 2477 667 2543 memoria,
680 2483 814 2548 tunquam
824 2478 854 2530 in
866 2484 992 2532 mortuo-

134 2581 198 2618 rum
223 2562 373 2634 sepulchris
397 2564 522 2617 demersa
541 2563 717 2634 conquiescit.
755 2563 874 2618 Manent
895 2571 989 2618 tumen

134 2652 265 2706 instituto
279 2648 405 2716 civitatis,
417 2649 499 2702 ultius
511 2649 644 2720 iinpressc
655 2656 737 2720 atque
753 2650 915 2716 inveterata,
928 2668 990 2721 quae

135 2739 172 2792 od
185 2738 311 2810 regulam
324 2737 463 2806 quondam
478 2742 505 2789 et
517 2745 621 2790 certam
633 2754 791 2791 mensurum
805 2737 915 2808 exigere
927 2754 991 2807 pos-

135 2842 248 2894 sumus3
269 2830 382 2876 monent
394 2823 496 2876 artium
508 2830 698 2889 monumento,
708 2841 770 2894 quae
783 2841 839 2878 nou
851 2825 994 2878 Romano-

136 2929 200 2966 rum
219 2909 364 2981 cupiditas,
378 2927 432 2963 non
450 2910 538 2965 Itcliae
551 2911 669 2964 vastatio
682 2917 710 2964 et
723 2928 809 2982 prope
824 2911 992 2980 sempiterno

136 2997 211 3052 bello
222 2996 391 3066 spolidrunt3
409 3003 504 3050 monet
517 3014 550 3051 es
560 3014 622 3068 pars
634 2997 802 3067 reipublicae,
813 3014 874 3067 quoe
887 2998 921 3050 od
933 2999 990 3051 Ro-

138 3101 236 3138 manos
248 3083 391 3147 translato,
409 3084 595 3154 perpetudque
607 3084 676 3137 serie
689 3083 849 3138 continuata
859 3084 895 3138 od
906 3084 990 3139 finem

138 3187 225 3240 usque
237 3168 345 3238 imperii
358 3169 477 3225 duravit.

119 3311 123 3319 ,
176 3257 287 3311 Etenim
301 3255 323 3309 si
335 3273 429 3327 sparse
443 3273 534 3311 rerum
551 3257 708 3330 fragmenta
723 3257 852 3329 colligere
868 3263 896 3312 et
913 3258 990 3329 quusi
